3030 5542
119 368 169 415 η.
187 351 255 434 29.]
471 351 537 415 ru
558 349 856 415 naissitanus
871 350 900 415 r.
924 370 954 436 9.
1261 366 1323 435 203

92 523 293 607 sdignitatis
316 525 373 588 sed
396 545 438 588 ne
459 523 622 588 libertatis
645 523 780 606 quidem
805 531 932 605 partem
956 521 1094 606 reliquit.
1140 522 1190 585 Te
1212 529 1324 585 autem

126 628 190 692 etsi
208 627 341 692 mallem
358 629 391 691 in
408 629 489 692 meis
509 629 608 692 rebus
629 638 805 710 expertum
826 647 927 709 quam
948 627 1048 690 etiam
1071 626 1103 689 in
1122 626 1197 701 tuis,
1213 635 1324 689 tamen

122 732 155 794 in
172 731 323 796 molestia
338 734 468 814 gaudeo
483 752 558 796 eam
574 731 674 794 fidem
691 750 850 812 cognosse
870 729 1045 793 hominum
1060 749 1126 793 non
1142 730 1188 793 ita
1204 749 1325 812 magna

123 837 282 909 mercede,
295 855 395 918 quam
407 856 470 918 ego
483 835 633 899 maximo
648 831 764 898 dolore
776 853 970 916 cognoram3
986 834 1027 897 de
1038 853 1105 915 qua
1117 833 1242 897 ratione
1252 842 1325 896 tota

123 940 188 1002 iam
204 939 338 1003 videtur
353 939 433 1002 mihi
450 938 640 1022 exponendi
657 949 789 1019 tempus
804 937 884 1013 dari,
896 946 933 1001 ut
947 937 1008 1001 tibi
1025 937 1201 1000 rescribam
1217 937 1260 1000 ad
1277 956 1316 999 ea
1338 962 1352 1014 ⁵

90 1063 209 1125 aquae
231 1043 371 1125 quaeris.
416 1042 599 1107 Certiorem
623 1052 657 1106 te
677 1062 736 1125 per
751 1039 878 1106 litteras
900 1040 1014 1105 scribis
1035 1060 1107 1103 esse
1125 1039 1249 1103 factum
1271 1060 1325 1103 me

122 1165 198 1210 cum
216 1145 360 1210 Caesare
383 1157 415 1209 et
439 1166 515 1211 curn
531 1146 647 1228 Appio
670 1166 741 1210 esse
764 1145 797 1208 in
820 1144 936 1228 gratia,
953 1154 1054 1227 teque
1075 1145 1109 1207 id
1128 1164 1194 1207 uon
1216 1164 1325 1227 repre·

122 1250 265 1314 hendere
283 1250 462 1328 adscribis;
478 1250 652 1314 Vatinium
668 1258 780 1313 autem
799 1249 882 1314 scire
897 1257 932 1312 te
942 1248 1026 1312 velle
1042 1248 1188 1312 ostendis
1204 1248 1325 1329 quibus

122 1354 221 1417 rebus
242 1354 405 1418 adductus
429 1354 632 1418 defenderim
655 1363 689 1417 et
712 1353 881 1417 laudarim.
926 1352 1028 1436 Quod
1051 1352 1113 1416 tibi
1136 1361 1172 1415 ut
1196 1350 1325 1434 planius

122 1478 299 1541 exponam,
321 1457 421 1521 altius
448 1455 549 1542 paulo
576 1456 738 1521 rationem
765 1457 975 1521 consiliorum
1000 1476 1149 1520 meorum
1175 1464 1322 1538 repetam
1339 1478 1370 1515 ιο

123 1580 256 1624 necesse
285 1571 345 1625 est.
391 1561 466 1644 Ego
497 1583 560 1636 me,
588 1562 739 1638 Lentule,
765 1561 859 1625 initio
889 1580 995 1623 rerum
1025 1570 1127 1643 atque
1155 1561 1323 1624 actionum

122 1677 254 1729 tuarum
264 1686 331 1729 non
341 1666 448 1729 solum
461 1665 544 1729 meis
555 1666 613 1729 sed
627 1665 728 1729 etiam
742 1666 787 1729 rei
800 1665 951 1749 publicae
963 1665 1151 1729 restitutum
1164 1662 1323 1747 putabam

123 1781 166 1847 et,
181 1770 338 1851 quoniam
363 1770 424 1833 tibi
449 1770 674 1834 incredibilem
696 1771 862 1852 quendam
882 1789 1029 1833 amorem
1053 1778 1088 1831 et
1107 1769 1218 1832 omnia
1236 1771 1269 1832 in
1289 1779 1324 1833 te

123 1873 232 1957 ipsum
247 1894 377 1936 summa
392 1893 431 1937 ac
446 1874 626 1955 singularia
641 1873 752 1937 studia
767 1873 931 1950 deberem,
948 1874 993 1937 rei
1014 1873 1174 1957 publicae,
1189 1891 1274 1954 quae
1288 1881 1323 1936 te

104 1978 158 2039 ·in
184 1997 238 2040 me
264 1978 466 2042 restituendo
493 1977 635 2043 multum
662 1978 848 2053 adiuvisset,
875 1998 951 2042 eum
977 1989 1066 2042 certe
1096 1998 1150 2041 me
1175 1977 1322 2041 animum
1338 1994 1368 2047 15

124 2083 243 2145 merito
275 2081 378 2165 ipsius
409 2081 531 2146 debere
565 2081 760 2157 arbitrabar,
792 2102 891 2165 quem
928 2091 1027 2146 antea
1062 2090 1190 2145 tantum
1222 2080 1322 2144 modo

123 2186 291 2248 communi
315 2186 423 2249 officio
447 2186 577 2263 civium,
602 2206 667 2249 non
691 2185 786 2250 alicui
811 2206 890 2267 erga
910 2205 962 2249 me
983 2183 1141 2268 singulari
1163 2183 1323 2249 beneficio

122 2289 273 2353 debitum
295 2290 540 2372 praestitissem.
586 2289 662 2353 Hac
683 2310 737 2353 me
755 2301 867 2355 mente
888 2289 987 2353 fuisse
1006 2301 1041 2354 et
1059 2300 1193 2353 senatus
1209 2310 1253 2352 ex
1270 2309 1323 2352 me

123 2402 157 2458 te
173 2393 308 2457 consule
322 2393 448 2458 audivit
465 2404 498 2457 et
513 2404 550 2458 tu
566 2393 598 2456 in
619 2394 738 2458 nostris
757 2394 964 2458 sermonibus
983 2392 1324 2474 collocutionibusque

159 2581 180 2616 1.
199 2569 238 2616 Το
256 2572 350 2616 eutem
368 2604 374 2616 .
390 2603 396 2616 .
414 2581 573 2627 cognoram,
586 2566 697 2632 ‘though
718 2626 722 2635 Ι
748 2566 816 2616 what
836 2564 945 2617 remote?
979 2566 1026 2632 Cp.
1048 2567 1088 2616 De
1107 2566 1185 2630 Legg.
1208 2578 1229 2613 1.
1247 2563 1271 2625 6,
1292 2567 1322 2615 18

124 2633 137 2682 1
158 2632 233 2683 could
245 2634 305 2681 wish
318 2649 366 2696 you
386 2633 437 2682 had
455 2633 555 2682 leamed
573 2632 636 2681 from
656 2649 698 2696 my
751 2634 817 2682 ‘alte
829 2668 835 2681 .
849 2668 855 2680 .
867 2641 892 2682 et
904 2670 910 2683 .
923 2671 929 2683 .
942 2650 957 2682 s
968 2633 1049 2698 capite
1060 2630 1198 2696 repetere.''

122 2698 699 2813 {distulerit,tlttttlthltt
749 2701 956 2813 ,tultum
978 2698 1043 2746 ’ὡς
1071 2694 1191 2761 ⁸¹⁰⁰¹¹d‘'
1243 2695 1322 2746 Ἥ

123 2838 204 2879 seton
217 2829 294 2879 men's
307 2779 410 2889 houollr,
423 2781 527 2878 viithout
543 2829 604 2878 such
618 2829 698 2892 heevy
784 2842 822 2877 11.
836 2801 937 2889 initio,
959 2828 1008 2878 abl.
1028 2828 1058 2877 of
1074 2832 1151 2878 time:
1174 2843 1214 2877 see
1234 2827 1321 2876 Madv.

123 2894 250 2959 sufferings
265 2911 292 2943 as
308 2895 378 2944 those
391 2894 472 2944 which
486 2895 575 2958 taught
593 2911 632 2944 me
647 2895 698 2944 this
750 2892 815 2957 ²7⁶3
837 2895 887 2943 aud
909 2910 949 2958 cp.
973 2895 1021 2959 Ep.
1048 2908 1086 2955 23,
1113 2907 1134 2953 2,
1153 2900 1219 2942 note.
1254 2894 1321 2943 Prof.

123 2961 222 3010 lessou!
748 2960 844 3023 Tyrrell
857 2968 969 3024 suggests
980 2960 1022 3009 the
1033 2959 1149 3009 insertion
1162 2958 1191 3008 of
1201 2962 1208 2985 ‘
1218 2957 1320 3009 evento'

158 3030 270 3087 3.1ilam
294 3062 300 3074 .
322 3061 328 3074 .
352 3023 598 3086 qusm,=‘tuleur,’
625 3027 697 3088 ‘qua
748 3027 810 3075 efter
833 3023 936 3074 ‘initio’
957 3025 1039 3075 which
1062 3026 1093 3075 he
1112 3024 1182 3073 takes
1201 3031 1228 3074 to
1248 3040 1321 3075 mean

123 3089 191 3150 lem,'
204 3092 251 3155 Ep.
263 3103 303 3153 45,
318 3104 340 3152 3,
353 3098 418 3140 note.
750 3093 792 3140 ‘at
814 3090 858 3141 the
876 3091 1012 3156 beginning
1031 3091 1060 3140 of
1078 3089 1204 3139 Lentulus'
1224 3091 1321 3141 career!

157 3160 224 3206 Nou
242 3160 282 3205 ite
298 3171 400 3214 magne
416 3158 551 3215 mercede,
565 3157 606 3206 ‘at
617 3172 633 3205 a
644 3164 698 3207 cost
750 3155 879 3206 ‘Evento’
899 3156 931 3206 he
951 3158 1050 3207 rendere
1072 3160 1114 3205 ‘as
1133 3156 1176 3205 the
1198 3156 1274 3206 result
1295 3157 1325 3206 of

124 3230 168 3272 not
190 3238 219 3270 so
239 3238 298 3286 very
317 3220 394 3286 high'
429 3221 469 3270 On
488 3220 531 3270 the
551 3222 636 3282 ablat,
657 3239 697 3287 cp.
747 3230 814 3286 steps
825 3222 944 3286 takeuby
957 3221 994 3272 1:

124 3288 211 3337 Madv.
225 3289 280 3351 258.
316 3287 383 3336 ‘lta'
397 3287 443 3335 has
454 3301 487 3335 no
505 3288 697 3352 corresponding
780 3291 934 3337 Aetlouum
946 3294 1066 3348 tuarum,
1079 3286 1120 3336 ‘of
1129 3302 1192 3351 your
1199 3286 1322 3337 exertious

124 3352 235 3417 particle,
253 3369 292 3417 cp.
304 3353 413 3416 Philipp.
427 3366 448 3400 2.
462 3366 501 3414 4²=
517 3353 562 3400 108
580 3356 645 3402 'non
662 3355 696 3403 ita
748 3353 773 3401 in
786 3369 828 3416 my
838 3351 927 3403 cause’

124 3417 227 3478 multis,’
244 3422 344 3467 ‘notso
359 3416 576 3481 many’-th0ugh
592 3418 661 3467 there
675 3420 697 3468 is
783 3431 819 3480 14
837 3421 1237 3476 Deberem..prsestitissem.
1266 3416 1321 3468 The

124 3499 140 3532 a
151 3483 249 3547 general
261 3491 371 3534 contrsst
381 3482 441 3531 with
455 3484 578 3532 ‘maximo
592 3482 698 3534 dolore!
747 3483 902 3561 conjunctive
918 3486 939 3534 is
954 3485 1012 3561 used
1030 3486 1133 3535 because
1145 3484 1233 3561 Cicero
1246 3484 1320 3560 isde-

125 3547 548 3677 Oiffiilhliihltlisfff'ditlt
561 3614 696 3677 mywhole
747 3549 1233 3679 ῗέῗῖἕᾱῖέξῗίῗ’ὄὲῗῖῗ““Μ
1243 3550 1321 3599 Μὰ·

123 3680 232 3744 position
247 3682 272 3728 in
290 3679 340 3729 this
353 3679 441 3736 affair:
453 3678 469 3726 i.
477 3694 498 3727 e.
511 3678 536 3726 iu
553 3678 593 3728 his
607 3680 696 3730 breach
782 3680 820 3730 16.
838 3684 940 3741 Ipsius,
953 3697 987 3731 sc.
1001 3682 1051 3730 ‘rei
1063 3677 1194 3747 publicae?

123 3746 183 3794 with
194 3746 236 3795 the
248 3747 390 3809 optimates,
403 3744 486 3808 owing
498 3752 525 3793 to
542 3759 557 3792 a
569 3744 697 3809 discovery
782 3748 873 3801 Quem
885 3782 892 3795 .
905 3783 911 3795 .
922 3751 1133 3807 praestitissem,
1145 3744 1320 3796 ‘whichlhad

123 3812 153 3860 of
160 3812 227 3861 what
247 3811 279 3859 he
300 3809 408 3874 thought
427 3810 479 3858 bad
498 3810 560 3859 faith
581 3826 613 3860 on
634 3811 697 3860 their
748 3809 830 3874 displa
847 3811 971 3861 edbefore
983 3813 1008 3860 in
1020 3812 1149 3876 discharge
1161 3812 1189 3861 of
1197 3812 1239 3861 the
1251 3827 1320 3861 com·

121 3885 186 3940 part.
748 3890 806 3924 mon
840 3885 882 3952 uty
894 3876 923 3925 of
934 3878 1041 3937 citiuens,
1054 3886 1099 3927 not
1113 3894 1142 3926 ns
1157 3894 1172 3925 a
1186 3885 1268 3926 retum
1282 3877 1320 3925 for

156 3955 180 4005 5.
198 3944 386 3999 Expoueudi.
404 3975 410 3987 .
423 3954 495 3998 quse
513 3945 633 4001 quaeris,
653 3942 700 3991 ‘of
747 3956 796 4005 any
807 3943 901 4006 special
912 3942 998 3992 favour
1009 3943 1137 3993 conferred
1151 3959 1217 4007 upon
1229 3940 1286 3991 me!

121 4006 422 4072 givinganexplanation
434 4005 517 4055 which
528 4006 618 4055 should
630 4023 697 4057 serve
783 4018 821 4069 17.
838 4010 941 4058 Alieni.
966 4009 1030 4058 Prof.
1043 4009 1140 4072 Tyrrell
1148 4006 1232 4057 would
1240 4007 1318 4056 retain

122 4089 150 4122 as
161 4088 193 4121 an
212 4087 305 4121 answer
317 4079 343 4120 to
354 4087 417 4136 your
427 4070 565 4135 enqniries.'
746 4070 789 4121 the
805 4072 861 4122 MS.
875 4074 958 4123 rendin
995 4076 1002 4100 ‘
1010 4071 1112 4138 sliquo,'
1127 4074 1215 4136 taking
1229 4073 1317 4121 ‘bene-

155 4138 178 4186 8.
196 4140 359 4186 Vatinium:
383 4153 422 4200 cp.
447 4137 506 4186 lntr.
528 4145 556 4186 to
580 4137 650 4187 Purts
672 4138 694 4199 1,
746 4136 819 4186 ficio·
836 4154 864 4188 ss
878 4155 910 4189 au
925 4089 977 4188 sbf
992 4155 1060 4189 caus.
1093 4139 1142 4203 Cp.
1161 4139 1319 4201 ‘cuiusquam

123 4205 195 4262 §18;
211 4203 321 4262 11.§2;
339 4202 384 4262 IV,
403 4205 478 4264 §543
496 4217 529 4264 53
545 4203 595 4252 and
611 4204 652 4252 Ad
664 4205 695 4267 Q.
746 4203 851 4262 intona:
862 4219 886 4268 p.
901 4218 956 4268 190,
969 4212 1034 4254 note.

122 4269 152 4318 F.
174 4282 196 4317 2.
220 4268 258 4324 16,
279 4281 303 4328 3.
344 4269 433 4318 Cicero
455 4267 575 4317 defended
598 4269 650 4318 him
670 4270 696 4318 in
782 4271 819 4317 18.
839 4273 960 4319 senatus
972 4272 1137 4320 ..audivitz
1150 4286 1190 4335 cp.
1201 4269 1244 4319 the
1255 4274 1317 4317 oret.

121 4335 228 4398 August,
242 4348 274 4397 54
285 4345 309 4382 u.
318 4344 341 4381 e.
746 4334 806 4384 Post
818 4335 880 4383 Red
891 4336 917 4384 in
929 4335 1050 4396 Sen.,—if
1058 4336 1077 4384 it
1090 4336 1120 4385 be
1130 4336 1242 4399 genuine.

155 4414 179 4463 9.
198 4402 360 4460 Laudarim,
377 4398 454 4448 ‘bore
471 4398 604 4465 testimony
612 4407 639 4449 to
656 4400 695 4451 his
781 4404 1317 4463 19.Sermoulbusoollooutioutbusque.

121 4462 262 4516 character!
746 4464 767 4513 F
768 4466 851 4515 orcell.
874 4481 953 4515 seems
973 4474 1001 4516 to
1022 4475 1084 4516 treet
1104 4467 1173 4519 these
1188 4467 1271 4517 words
1290 4483 1319 4517 as

157 4543 195 4580 10.
212 4533 309 4581 Altius
316 4533 411 4593 poulo,
425 4530 604 4597 ‘fromupolnt
614 4546 694 4584 some·
744 4530 885 4596 equivslenr
897 4539 926 4582 to
936 4532 999 4582 esch
1010 4532 1089 4584 other.
