3030 5542
127 396 177 445 nr.
195 374 285 469 roa]
448 381 514 441 AD
535 380 835 477 FAMILIARES
853 382 960 447 XIII.
982 399 1013 461 4
1264 378 1329 463 483

126 552 364 618 immortalium
394 552 601 638 benignitate
622 554 898 638 subterfugerunt,
923 553 1051 633 deinde,
1076 555 1166 638 quod
1191 572 1324 618 summo

96 673 113 719 a
126 658 237 722 studio
252 659 368 742 populi
385 658 530 723 Romani
546 680 567 723 a
582 679 637 722 me
651 660 683 722 in
700 658 873 723 consulatu
886 679 962 723 meo
977 658 1100 722 defensi
1115 668 1201 722 sunt.
1237 657 1323 721 Cum

125 762 211 825 enim
225 763 349 826 tribuni
369 760 458 846 plebi
474 761 581 845 legem
605 763 846 846 iniquissimam
868 762 911 827 de
933 783 1046 827 eorum
1069 763 1157 845 agris
1180 762 1326 846 promul-

126 865 302 948 gavissent,
320 865 413 930 facile
427 868 555 932 senatui
572 866 762 950 populoque
775 867 930 930 Romano
944 867 1099 951 persuasi,
1111 876 1148 932 ut
1160 887 1217 931 eos
1228 866 1327 943 cives,

126 969 248 1050 quibus
262 968 393 1035 fortuna
408 970 619 1055 pepercisset,
635 971 743 1035 salvos
766 991 838 1035 esse
860 970 993 1035 vellent.
1039 971 1138 1035 Hanc
1160 972 1325 1035 actionem
1342 996 1356 1047 5

126 1091 236 1136 meam
253 1071 290 1137 C.
306 1072 428 1139 Caesar
441 1075 549 1159 primo
571 1096 633 1139 suo
655 1074 828 1139 consulatu
849 1072 924 1156 lege
945 1074 1073 1158 agraria
1096 1074 1327 1158 comprobavit

125 1198 308 1263 agrumque
322 1175 578 1243 Volaterranum
594 1189 629 1244 et
643 1179 805 1262 oppidum
821 1178 913 1242 omni
925 1179 1071 1261 periculo
1084 1177 1117 1240 in
1128 1189 1325 1262 perpetuum

125 1280 284 1358 liberavit,
309 1292 345 1346 ut
373 1282 451 1345 mihi
478 1282 617 1346 dubium
642 1301 710 1346 non
737 1282 781 1346 sit
806 1282 886 1364 quin
911 1281 948 1357 is,
971 1281 1029 1364 qui
1052 1302 1156 1346 novas
1186 1283 1327 1346 necessi·

124 1387 257 1450 tudines
280 1387 448 1469 adiungat,
470 1394 583 1450 vetera
604 1406 662 1450 sua
685 1385 843 1450 beneficia
866 1385 1048 1450 conservari
1074 1384 1165 1449 velit.
1211 1385 1322 1468 Quam

125 1489 168 1554 ob
192 1509 262 1552 rem
285 1498 336 1554 est
358 1498 435 1553 tuae
457 1490 653 1572 prudentiae
674 1500 733 1554 aut
751 1488 844 1572 sequi
871 1488 941 1553 eius
966 1489 1209 1568 auctoritatem,
1232 1490 1326 1554 cuius
1344 1517 1374 1554 ιο

124 1601 250 1658 sectam
280 1604 381 1676 atque
410 1593 583 1675 imperium
608 1614 742 1658 summa
763 1613 838 1657 cum
861 1599 919 1656 tua
941 1592 1101 1674 dignitate
1123 1601 1255 1657 secutus
1278 1613 1328 1671 es,

125 1705 183 1761 aut
214 1707 302 1762 certe
333 1696 379 1760 illi
412 1696 575 1779 integram
604 1717 738 1761 omnem
766 1716 900 1761 causam
927 1715 1113 1773 reservare3
1143 1697 1224 1760 illud
1246 1718 1324 1761 vero

124 1800 276 1864 dubitare
291 1821 357 1866 non
373 1800 484 1875 debes,
500 1801 580 1884 quin
595 1809 667 1864 tam
683 1822 791 1885 grave,
807 1810 878 1865 tam
898 1799 1041 1876 firmum,
1056 1810 1125 1863 tam
1145 1800 1321 1864 honestum

126 1905 339 1986 municipium
354 1904 416 1969 tibi
430 1913 489 1967 tuo
503 1924 636 1968 summo
648 1903 810 1969 beneficio
827 1905 861 1968 in
877 1912 1073 1987 perpetuum
1085 1903 1225 1988 obligari
1234 1905 1325 1968 velis.

96 2007 194 2073 aSed
222 2007 311 2086 haec,
326 2029 412 2090 quae
434 2028 532 2091 supra
554 2008 676 2091 scripta
698 2018 783 2086 sunt,
800 2030 841 2072 eo
862 2018 1025 2092 spectant,
1041 2019 1079 2073 ut
1101 2017 1135 2072 te
1156 2008 1270 2073 horter
1292 2017 1325 2072 et
1343 2035 1372 2087 15

126 2113 304 2176 suadeam:
335 2111 460 2194 reliqua
487 2122 573 2189 sunt,
597 2132 683 2194 quae
707 2112 874 2195 pertinent
903 2111 946 2175 ad
977 2113 1170 2194 rogandum,
1195 2123 1233 2177 ut
1258 2133 1326 2176 non

126 2215 233 2279 solum
252 2225 309 2278 tua
329 2234 429 2278 causa
450 2215 512 2279 tibi
535 2214 706 2279 eonsilium
731 2236 784 2279 me
806 2216 886 2279 dare
909 2225 1014 2298 putes,
1029 2215 1087 2279 sed
1110 2217 1219 2293 etiam,
1235 2217 1325 2300 quod

127 2318 208 2381 mihi
230 2338 314 2400 opus
336 2318 386 2396 sit,
414 2338 468 2381 me
492 2340 513 2384 a
537 2327 571 2383 te
597 2327 710 2401 petere
735 2329 769 2383 et
794 2338 918 2400 rogare.
966 2317 1198 2383 Gratissimum
1223 2320 1323 2403 igitur

126 2496 254 2561 sufferings
270 2497 295 2545 in
312 2496 355 2546 the
371 2512 443 2546 cause
460 2497 490 2546 os
503 2496 599 2547 Marius
617 2496 703 2547 would
752 2497 879 2547 consented
890 2512 923 2546 on
934 2496 1045 2547 different
1056 2497 1134 2547 eities.

145 2564 183 2611 ive
195 2562 262 2611 them
274 2578 289 2611 a
306 2562 381 2612 claim
392 2578 460 2627 upon
472 2563 570 2613 Caesar.
594 2564 642 2628 Cp,
654 2564 703 2612 Pro
788 2575 826 2610 10.
837 2565 1050 2624 Auctoritatem,
1062 2563 1117 2612 ‘the
1125 2563 1250 2627 authority
1257 2564 1287 2614 ol
1292 2564 1330 2615 his

127 2581 200 2679 {aec
220 2639 242 2693 7,
264 2631 292 2677 18
310 2628 359 2677 and
377 2642 416 2691 35,
437 2642 499 2689 roa;
517 2632 556 2679 De
573 2631 649 2679 Dom.
662 2641 704 2690 30,
752 2625 884 2692 example!

128 2704 174 2759 793
191 2695 255 2758 Livy
266 2695 333 2758 Epit·
346 2695 385 2758 89-
788 2707 825 2743 11.
846 2695 1048 2808 Sectamsspart
1064 2691 1082 2753 ,⁸
1091 2694 1201 2744 whether
1218 2695 1329 2760 philoso-

161 2773 182 2808 1.
203 2764 318 2809 Summo
337 2764 433 2810 studio
452 2763 551 2818 popuii
571 2763 701 2819 Romani,
753 2758 838 2824 phical
850 2774 878 2808 or
889 2758 962 2823 politi
1044 2760 1094 2808 For
1108 2760 1151 2809 the
1166 2760 1239 2810 latter
1250 2777 1328 2820 senae,

129 2826 203 2874 ‘with
222 2826 264 2875 the
283 2832 350 2874 most
368 2826 455 2889 hearty
475 2826 597 2891 approval
616 2827 645 2875 οἰ
660 2825 704 2875 the
753 2840 793 2889 cp.
808 2824 871 2910 LVI
884 2826 907 2874 8.
925 2837 955 2889 19
973 2824 1102 2874 ‘Vitruvio
1118 2830 1261 2892 rectamque
1276 2828 1329 2877 eina

129 2891 228 2940 Roman
245 2889 354 2955 people.'
753 2891 850 2940 acutis.

162 2960 238 3005 a.1n
260 2960 410 3007 consulatu
431 2972 500 3007 meo.
534 2957 561 3006 Is
580 2956 630 3007 this
652 2972 704 3006 was
788 2960 925 3004 Summa.
946 2992 952 3004 .
972 2957 1121 3018 dianium,
1142 2956 1260 3007 ‘without
1281 2974 1329 3024 any

128 3021 170 3071 the
190 3022 242 3072 first
262 3023 353 3071 service
371 3021 454 3071 which
473 3023 562 3072 Cicero
584 3022 704 3073 rendered
753 3021 862 3071 sacrifice
874 3021 903 3069 oi
911 3020 1139 3085 independeneeon
1151 3037 1212 3085 your
1222 3024 1295 3088 part?

128 3096 156 3136 tc
178 3088 220 3137 the
243 3089 334 3152 people
358 3087 388 3136 os
405 3087 557 3149 Volaterrae,
581 3088 601 3137 it
624 3103 703 3137 seerm
788 3101 826 3136 12.
844 3089 895 3135 1111
910 3089 1072 3145 integram.
1093 3102 1268 3149 ‚reservara
1284 3091 1328 3138 ‘to

146 3154 246 3203 robable
266 3154 320 3201 that
339 3154 381 3202 the
400 3152 452 3203 first
474 3153 612 3217 obligation
635 3161 702 3202 must
752 3152 816 3216 keep
828 3152 870 3200 the
881 3152 962 3201 whole
979 3167 1035 3201 case
1049 3152 1088 3201 ior
1102 3151 1214 3202 Caesar’s
1226 3154 1275 3204 iree
1286 3154 1328 3204 de·

127 3169 191 3267 have
213 3220 275 3268 been
297 3219 423 3268 conferred
445 3220 479 3282 by
500 3220 578 3279 them,
601 3219 640 3268 sor
661 3219 701 3268 ‘in
753 3216 848 3276 cision,’
857 3218 896 3267 ie.
905 3224 949 3266 not
958 3216 1051 3268 totalre
1060 3234 1109 3281 any
1117 3228 1172 3284 step
1181 3219 1329 3270 thatwonld

128 3281 278 3334 honoribus’
300 3301 345 3334 ean
368 3283 456 3348 hardly
477 3284 540 3334 rel'er
561 3293 588 3334 to
607 3299 623 3333 a
642 3285 703 3334 time
753 3283 857 3334 commit
869 3283 968 3335 caesar.

127 3351 275 3414 subsequent
292 3358 319 3399 to
336 3347 445 3399 Cicero's
461 3350 612 3415 consulship.
786 3352 865 3398 Illud
879 3363 948 3398 varo
959 3385 965 3399 .
978 3385 984 3397 .
996 3352 1067 3407 qnin
1079 3385 1085 3397 .
1099 3354 1197 3399 ‚velia
1231 3350 1272 3401 On
1287 3351 1329 3401 the

161 3429 183 3476 3.
203 3419 323 3463 'I'ribuni
346 3419 430 3472 plebi,
464 3416 555 3465 Rullus
576 3415 638 3465 took
660 3415 703 3465 the
753 3430 832 3464 accus.
853 3412 949 3472 ‘illnd,'
967 3430 1005 3479 cp.
1030 3415 1117 3466 Madv.
1140 3429 1187 3480 229
1205 3433 1228 3465 a
1273 3417 1329 3467 The

127 3479 184 3529 lead
206 3497 298 3545 among
317 3481 392 3531 them.
428 3481 475 3545 Cp.
492 3482 551 3531 Intr.
567 3488 595 3532 to
611 3482 669 3530 Part
680 3482 701 3540 1,
751 3479 833 3529 words
851 3480 977 3530 ‘dubitare
995 3516 1027 3532 ..
1061 3482 1103 3529 nin
1120 3519 1127 3532 .
1145 3479 1239 3532 .velis'
1255 3497 1328 3533 mean

129 3551 175 3609 59.
199 3548 287 3596 Cicero
298 3547 404 3611 pleaded
417 3546 490 3609 again
503 3547 541 3596 lor
552 3548 594 3596 the
604 3562 702 3611 exemp
753 3545 1018 3595 ‘hesitatetodesire.'
1044 3497 1094 3611 {p
1110 3547 1158 3610 Ep.
1173 3557 1214 3610 71,
1226 3561 1249 3611 5,
1261 3557 1328 3608 note,

128 3611 180 3660 tion
197 3613 226 3660 oi
240 3613 281 3661 the
300 3613 369 3661 lands
386 3613 416 3661 oi
423 3612 568 3662 Volaterrae
579 3613 643 3661 from
659 3613 702 3661 the
753 3627 786 3660 cn
798 3613 840 3661 the
851 3612 1026 3661 construction.

128 3679 254 3741 operation
267 3678 296 3725 of
303 3677 345 3727 the
357 3678 405 3726 law
417 3678 445 3726 ol
455 3678 555 3727 Flavius
566 3679 592 3726 in
604 3677 637 3726 60
649 3689 702 3727 rac.
789 3690 797 3723 1
804 3691 825 3738 3.
841 3679 955 3737 ‘Grawe,
965 3677 1089 3733 moribus:
1098 3680 1217 3739 firmum,
1226 3679 1329 3744 opibns;

127 3743 174 3805 Cp.
187 3743 228 3790 Ad
241 3744 294 3791 Art.
308 3757 328 3792 1.
343 3757 380 3806 19,
392 3759 416 3805 4.
439 3743 543 3805 ‘Plebi'
555 3760 571 3793 a
581 3760 634 3793 rare
644 3759 703 3808 gen.
753 3742 1224 3809 none-rumpplendmmunicipum!
1232 3744 1328 3796 Mannt.

127 3808 191 3856 irorn
205 3806 320 3871 ‘plebes'
354 3809 461 3858 Forcell.
789 3822 827 3869 15.
845 3812 888 3858 Ito
900 3814 1217 3871 spectant..auadeam,
1230 3813 1284 3859 ‘are
1296 3811 1330 3875 by

161 3887 183 3936 5.
201 3876 343 3923 Fortuna:
356 3889 395 3938 cp.
406 3874 519 3924 ‘deornm
526 3874 704 3925 immortalium
754 3889 810 3938 way
821 3873 849 3923 oi
857 3874 1012 3923 exhortation
1024 3874 1073 3923 and
1085 3874 1187 3926 advice!

126 3937 296 4001 benignitate‚'
307 3940 332 3987 in
346 3944 358 3997 t
373 3952 394 3988 1.
791 3939 827 3989 16.
845 3943 966 3996 Reliqua
978 3976 984 3989 .
998 3978 1004 3991 .
1016 3939 1191 3999 rogandum,'
1202 3940 1261 3990 ‘the
1271 3956 1329 4005 pnr-

160 4002 183 4051 6,
202 4007 277 4063 Lege
290 4008 407 4062 agraria
431 4004 462 4053 ln
472 4017 562 4069 5913.0.
585 4006 633 4071 Cp.
642 4006 702 4057 Intr.
753 4021 814 4070 pose
827 4005 856 4054 oi
869 4005 936 4055 what
953 4005 1051 4055 follows
1068 4006 1089 4054 is
1107 4013 1134 4055 to
1150 4014 1244 4055 entreat
1260 4004 1327 4070 yon‚’

128 4077 155 4118 to
167 4070 224 4118 Part
237 4071 257 4129 1,
272 4075 284 4128 t
299 4081 337 4133 17.
753 4072 782 4119 ‘l
794 4072 857 4120 have
868 4070 975 4120 hitherto
990 4071 1092 4120 advised
1104 4086 1154 4135 you
1167 4072 1227 4120 with
1239 4088 1253 4119 a
1265 4073 1328 4121 view

161 4143 184 4196 7.
203 4139 288 4184 Omni
304 4139 432 4192 periculo
449 4171 456 4186 .
473 4170 480 4183 .
497 4138 640 4193 liberavit,
653 4141 703 4186 ‘se-
752 4143 780 4186 to
792 4152 853 4200 your
866 4152 921 4185 own
937 4137 1052 4195 interest;
1070 4136 1083 4184 1
1097 4152 1154 4184 now
1170 4143 1264 4186 entreat
1277 4152 1327 4201 you

128 4200 202 4249 cured
221 4203 317 4264 against
339 4201 374 4250 all
398 4199 505 4266 danger'
523 4203 552 4251 ci
566 4204 650 4267 seeing
670 4204 703 4252 its
753 4203 831 4252 todo
848 4218 887 4251 me
904 4218 920 4250 a
937 4201 1038 4250 favour.¹
1073 4201 1113 4250 On
1132 4203 1266 4266 ‘pertinere
1280 4201 1328 4259 ad‚’

127 4264 200 4313 lands
222 4266 336 4329 assigned
359 4268 435 4316 under
457 4283 488 4315 cn
511 4269 622 4331 agrarian
645 4267 701 4318 law.
752 4268 851 4332 cp.Ep.
864 4281 904 4331 55,
918 4281 939 4327 r,
952 4274 1018 4317 note.

127 4330 191 4379 This
200 4332 280 4395 might
293 4332 554 4397 perhapsbeeilected
566 4334 600 4397 by
609 4333 704 4384 clauses
787 4343 826 4397 17.
850 4335 934 4389 Quod
955 4334 1027 4381 milri
1049 4347 1119 4388 onus
1142 4335 1187 4392 ait,
1213 4333 1296 4383 ‘what
1315 4333 1329 4382 1

128 4396 234 4445 inserted
247 4398 271 4445 in
283 4398 324 4447 the
336 4397 385 4446 law
396 4398 425 4447 oi
434 4412 465 4462 59
478 4410 530 4449 rae.
753 4398 832 4463 ought
843 4406 870 4448 tn
881 4396 942 4447 asir?
968 4398 1008 4447 On
1019 4397 1061 4446 the
1072 4396 1201 4447 differente
1212 4399 1241 4447 oi
1250 4405 1256 4425 ⁸
1265 4415 1328 4463 opns

161 4464 183 4510 8.
204 4466 261 4518 Qui
273 4500 279 4512 .
293 4501 298 4512 .
311 4466 453 4521 adiungat.
467 4465 564 4529 ‘sesing
574 4464 628 4515 that
639 4465 670 4515 he
682 4464 703 4514 is
753 4463 819 4514 esse'
836 4465 887 4514 and
905 4467 1017 4514 ‘neeesse
1033 4461 1103 4524 esse,’
1119 4478 1158 4528 cp.
1173 4464 1221 4529 Ep.
1235 4479 1273 4530 29,
1288 4480 1327 4529 25,

127 4526 235 4593 forming
246 4545 301 4580 new
312 4530 488 4592 connectione:
503 4531 549 4582 ie.
561 4532 594 4595 by
605 4531 704 4582 [arcura
752 4537 819 4580 note.

690 4614 765 4679 lia
