3052 5026
119 406 168 453 sn.
186 388 272 474 111.]
452 391 518 453 AD
539 389 837 453 FAMILIARES
855 391 921 453 IX.
946 408 996 468 14.

377 603 507 655 CICERO
529 603 764 654 DOLABELLAE
785 601 936 654 CONSULI
958 601 1069 654 SUOS.

94 746 109 791 1
167 740 241 806 Etsi
260 752 435 806 contentus
456 765 554 816 eram,
571 743 616 805 mi
640 742 824 819 Dolabella,
839 751 897 806 tua
919 742 1024 825 gloria
1047 742 1192 826 satisque
1214 763 1258 806 ex
1282 764 1321 807 ea

124 866 277 928 magnam
295 846 452 910 laetitiam
467 847 740 931 voluptatemque
762 848 945 928 capiebam,
962 857 1073 911 tamen
1096 867 1162 910 non
1185 866 1320 930 possum

123 970 188 1012 non
205 949 353 1013 confiteri
370 950 528 1014 cumulari
546 971 599 1014 me
615 953 765 1014 maximo
781 951 912 1033 gaudio,
927 952 1018 1032 quod
1034 950 1133 1034 volgo
1149 951 1320 1014 hominum

123 1053 235 1136 opinio
258 1054 385 1117 socium
402 1076 454 1118 me
470 1055 636 1119 adscribat
651 1055 717 1118 tuis
733 1052 895 1117 laudibus
941 1055 1119 1119 Neminem
1142 1056 1322 1119 conveni-

123 1157 285 1220 convenio
300 1169 413 1221 autem
436 1158 585 1240 quotidie
607 1155 789 1241 plurimos;
808 1167 888 1221 ¹sunt
910 1159 997 1221 enim
1022 1158 1179 1240 permulti
1202 1160 1350 1242 optimis

122 1259 192 1337 viri,
218 1260 274 1342 qui
297 1260 495 1325 valetudinis
521 1281 619 1325 causa
649 1262 682 1324 in
708 1261 790 1326 haec
817 1261 889 1326 loca
918 1263 1059 1337 veniant,
1084 1273 1255 1345 praeterea
1278 1284 1322 1326 ex

124 1364 311 1446 municipiis
323 1363 507 1447 frequentes
519 1365 691 1429 necessarii
703 1366 820 1442 mei—,
830 1366 909 1456 quin
921 1385 1044 1442 omnes,
1054 1386 1128 1430 cum
1142 1376 1176 1430 te
1185 1368 1322 1430 summis

124 1466 278 1530 laudibus
300 1469 343 1531 ad
364 1468 492 1531 caelum
515 1468 715 1545 extulerunt,
731 1467 811 1531 mihi
834 1469 990 1532 continuo
1014 1471 1178 1532 maximas
1199 1470 1322 1553 gratias

122 1581 243 1653 agant,
267 1579 388 1654 negant
404 1572 491 1634 enim
507 1592 542 1635 se
558 1571 709 1635 dubitare
732 1572 811 1654 quin
827 1582 864 1637 tu
880 1574 961 1635 meis
984 1574 1166 1656 praeceptis
1189 1583 1222 1636 et
1244 1594 1322 1636 con·

123 1674 203 1737 siliis
218 1675 452 1757 obtemperans
468 1675 772 1758 praestantissmum
793 1683 827 1738 te
848 1675 952 1738 civem
974 1687 1008 1740 et
1028 1677 1228 1759 singularem
1245 1697 1322 1741 con·
1339 1700 1369 1735 ιο

94 1790 111 1834 a
124 1776 230 1840 sulem
243 1778 412 1861 praebeas.
435 1777 565 1861 Quibus
577 1799 639 1861 ego
651 1799 856 1861 quamquam
866 1778 1033 1842 verissime
1045 1800 1179 1861 possum
1189 1800 1323 1862 respon-

123 1883 201 1945 dere
217 1890 260 1955 te,
269 1901 355 1964 quae
370 1879 478 1956 facias,
490 1891 548 1945 tuo
564 1882 688 1946 iudicio
700 1891 733 1946 et
745 1893 803 1947 tua
815 1892 934 1963 sponte
943 1882 1049 1946 lacere
1057 1903 1117 1969 nec
1129 1885 1322 1966 cuiusquam

124 2004 221 2068 egere
237 1982 384 2060 consilio,
399 1994 511 2049 tamen
527 2006 636 2068 neque
651 1985 749 2069 plane
771 1987 947 2059 adsentior,
963 2006 1005 2049 ne
1020 1986 1214 2050 imminuam
1229 1997 1323 2050 tuam

125 2088 270 2164 laudem,
286 2088 313 2152 si
329 2089 437 2151 omnis
453 2109 473 2152 a
489 2089 572 2152 meis
588 2088 735 2153 consiliis
758 2088 907 2172 profecta
929 2089 1088 2166 videatur,
1103 2110 1212 2172 neque
1225 2089 1323 2157 valde

125 2211 328 2275 nego—sum
342 2192 430 2254 enim
442 2192 569 2256 avidior
581 2194 680 2256 etiam
692 2213 793 2273 quam
804 2192 886 2257 satis
898 2201 948 2256 est
962 2191 1130 2275 gloriae-
1138 2215 1146 2272 ;
1163 2205 1196 2258 et
1212 2203 1323 2257 tamen
1340 2216 1369 2266 15
1430 2187 1434 2196 ’

126 2316 191 2358 non
207 2295 350 2358 alienum
362 2304 412 2358 est
422 2296 585 2379 dignitate
600 2305 667 2373 tua,
679 2297 769 2379 quod
782 2296 844 2379 ipsi
854 2295 1109 2379 Agamemnoni,
1122 2318 1236 2381 regum
1247 2298 1325 2380 regi,

125 2398 188 2463 suit
204 2397 390 2476 honesturn,
405 2399 528 2463 habere
548 2399 691 2482 aliquem
714 2400 747 2462 in
771 2399 914 2463 consiliis
932 2400 1101 2482 capiendis
1124 2400 1323 2478 Nestorem;

125 2503 205 2566 mihi
219 2523 298 2566 vero
312 2502 493 2585 gloriosum
509 2512 543 2566 te
558 2505 707 2576 iuvenem
725 2502 892 2567 consulem
914 2502 1030 2567 florere
1053 2502 1207 2568 laudibus
1228 2505 1323 2587 quasi

96 2605 296 2673 salumnum
327 2606 521 2688 disciplinae
547 2627 649 2672 meae.
694 2607 734 2671 L.
759 2607 894 2690 quidem
921 2607 1052 2685 Caesar,
1076 2628 1152 2672 cum
1179 2610 1221 2672 ad
1248 2630 1324 2672 eurn

125 2721 296 2792 aegrotum
321 2710 499 2793 Neapolim
523 2711 691 2788 venissem,
708 2731 910 2794 quamquam
933 2720 1003 2775 erat
1026 2731 1204 2794 oppressus
1224 2713 1326 2776 totius
1340 2733 1372 2767 20

125 2815 272 2898 corporis
295 2814 474 2893 doloribus,
489 2824 601 2879 tamen
623 2825 709 2893 ante,
725 2836 825 2898 quam
842 2836 896 2879 me
910 2814 1008 2898 plane
1023 2814 1191 2895 salutavit,
1206 2816 1257 2882 ‘0
1281 2817 1326 2880 mi

158 2982 357 3030 Dotsnuntns.
402 2981 453 3031 For
480 2996 512 3030 sn
541 2988 646 3032 account
674 2979 704 3030 oi
751 2997 836 3041 mann,
853 2996 895 3046 pp.
914 2982 1004 3045 58-59,
1021 2988 1134 3046 suggests
1150 2983 1192 3033 the
1209 2983 1327 3032 insertion

126 3047 270 3103 Dolabella,
293 3063 333 3111 cp.
357 3046 404 3111 Ep.
428 3056 469 3110 77,
492 3054 551 3096 note
572 3047 622 3097 and
650 3045 700 3096 retr.
753 3048 782 3096 of
796 3047 974 3097 ‘conveniunt'
991 3048 1074 3097 before
1090 3047 1248 3111 ‘praetera'
1262 3049 1326 3097 from

126 3113 182 3161 The
204 3120 256 3162 acts
276 3111 314 3161 lor
331 3112 413 3161 which
432 3113 463 3162 he
484 3113 505 3161 is
523 3113 581 3162 here
621 3111 700 3161 raised
753 3112 796 3162 the
812 3113 943 3177 transcript
953 3112 984 3161 ol
990 3111 1040 3162 this
1050 3112 1121 3163 letter
1134 3113 1208 3177 given
1220 3113 1262 3163 Ad
1274 3115 1326 3164 An.

126 3194 190 3227 were
209 3178 332 3242 probably
347 3178 486 3242 performed
502 3179 579 3227 about
594 3128 636 3228 tsse
653 3177 701 3226 end
755 3189 873 3241 14,17n.

127 3243 156 3292 oi
175 3243 256 3308 April.
289 3243 337 3306 Cp.
360 3243 402 3292 Ad
424 3245 477 3294 Ate
503 3257 541 3307 14
567 3257 604 3307 15,
628 3242 702 3292 dated
789 3257 826 3306 ¹4·
846 3245 988 3296 stomin
999 3242 1185 3293 sc.⁴tualans.'
1218 3244 1273 3293 The
1284 3244 1327 3294 sd·

126 3310 188 3372 May
202 3323 222 3356 1.
750 3309 840 3373 jective
860 3309 881 3357 is
898 3309 958 3358 used
979 3308 1140 3374 adverbislly.
1174 3309 1222 3375 Cp.
1239 3325 1265 3374 p.
1286 3323 1327 3373 32,

163 3389 183 3422 1.
202 3378 263 3422 '1¹us
280 3376 388 3430 gloria:
405 3390 445 3438 ep.
464 3373 523 3423 Intr.
545 3381 573 3423 to
592 3374 650 3423 Part
668 3373 702 3434 V,
753 3383 813 3424 note
825 3390 857 3422 on
869 3373 923 3436 l.4

129 3443 186 3501 §33
204 3440 257 3488 also
269 3439 702 3503 AdAtt.14.15,a,whereCioero,
788 3454 827 3503 ¹5·
846 3441 979 3498 Gloriss3
1007 3444 1035 3490 et
1064 3445 1166 3490 temen
1210 3440 1326 3491 Wesenb.

128 3505 267 3569 describing
277 3504 443 3569 thevigorous
454 3520 577 3554 mensures
586 3505 615 3553 of
623 3504 701 3554 Dola·
754 3506 830 3555 omits
848 3504 904 3563 the3
932 3505 982 3554 and
1001 3505 1114 3569 explains
1134 3503 1249 3555 ‘tumen’
1266 3522 1322 3556 as-

128 3571 202 3626 bella,
232 3585 288 3634 says
312 3572 443 3635 ‘magnam
473 3570 636 3632 ἀναθεώρησιν
664 3584 703 3618 res
755 3567 909 3635 ‘praetem'
926 3573 1068 3621 ‘moreover
1085 3587 1127 3635 my
1141 3571 1197 3621 love
1218 3572 1247 3619 ol
1263 3572 1328 3620 ieme

128 3636 220 3694 habet3
243 3637 274 3684 de
296 3651 363 3691 saxo,
382 3637 407 3684 in
431 3651 536 3693 crucem,
560 3636 703 3685 columnam
753 3637 814 3685 does
825 3645 868 3684 not
878 3635 958 3698 injure
968 3636 1033 3700 yon’
1067 3638 1115 3701 Cp.
1128 3637 1233 3701 Madvig
1244 3652 1276 3686 on
1289 3638 1329 3686 De

128 3702 223 3760 tollere,
235 3701 319 3749 locum
330 3701 401 3750 illum
413 3702 568 3750 stemendnm
580 3699 677 3750 looere?
754 3702 867 3761 Finibus,
880 3715 901 3750 a.
916 3700 955 3761 2⁶,
967 3702 1006 3764 84,
1019 3702 1100 3752 where
1112 3702 1143 3752 he
1154 3717 1209 3764 says
1221 3701 1275 3752 that
1286 3703 1329 3751 the

162 3781 184 3828 3.
203 3771 345 3815 (tumulari
358 3771 507 3824 ..gaudio
542 3767 619 3815 Andr.
635 3781 703 3815 com·
753 3768 835 3816 words
852 3782 893 3815 are
909 3765 1048 3831 equivalent
1062 3775 1090 3817 to
1107 3772 1146 3818 ‘et
1161 3768 1257 3816 etiamsi
1274 3767 1327 3828 illu,

129 3849 199 3897 pares
222 3832 263 3881 the
283 3832 432 3895 expression,
453 3836 534 3881 ‘nunc
555 3847 638 3881 meum
661 3847 704 3881 cor
755 3849 817 3897 quae
849 3833 907 3886 dixi,
930 3832 1069 3894 desederint,
1096 3833 1195 3882 tamen)
1240 3834 1328 3898 Itaque

128 3898 268 3947 cumulatur
278 3897 331 3956 irn,'
344 3898 392 3947 Pro
404 3898 472 3948 Cael.
486 3895 525 3959 16,
538 3908 576 3961 37,
590 3904 703 3962 aquota·
753 3898 853 3947 refertur
865 3897 988 3962 particula
1003 3898 1035 3947 ad
1052 3899 1156 3948 tacitum
1174 3897 1329 3949 intellectum

128 3966 181 4012 tion
192 3963 255 4010 from
269 3980 284 4011 a
294 3963 433 4013 dmmatist.
754 3972 778 4013 et
791 3964 974 4013 concessionem
986 3965 1103 4013 contrarii
1114 3966 1166 4014 eius
1177 3965 1244 4028 quod
1256 3972 1329 4014 antes

161 4045 184 4090 4.
205 4031 320 4077 Booium
331 4044 375 4077 me
393 4032 541 4086 adsorlbst,
557 4028 704 4078 ‘associates
755 4030 863 4104 positum
874 4036 919 4078 est
955 4029 997 4077 ‘ll
1010 4045 1059 4093 you
1070 4031 1104 4078 do
1121 4037 1164 4079 not
1182 4030 1262 4078 admit
1278 4029 1329 4079 this

129 4094 185 4141 me·
231 4092 442 4143 ‘Adscribere'a
456 4092 620 4157 'adiungere'
643 4094 703 4143 ‘ad
751 4094 921 4160 Jusofieanon,
934 4094 985 4143 still
997 4110 1046 4158 you
1058 4093 1256 4145 mustseethat!

128 4160 270 4208 numerare)
305 4160 409 4208 Forcell.
791 4160 828 4209 16.
847 4162 907 4217 Ipsi
918 4162 1138 4218 Agamemnoni:
1156 4177 1195 4226 cp.
1205 4160 1284 4210 Hom.
1296 4159 1328 4211 11.

163 4229 316 4274 Neminem
331 4227 452 4274 oonvani
470 4261 495 4274 ..
511 4228 581 4284 quin
599 4239 704 4275 omnes.
756 4239 778 4274 a.
792 4238 849 4288 370,
861 4225 915 4274 soll.

130 4290 185 4338 The
201 4299 314 4339 sentenoe
331 4291 416 4339 would
432 4291 555 4353 naturally
567 4307 611 4338 run
628 4293 704 4354 ‘quin
791 4305 828 4351 17-
847 4295 883 4339 In
894 4294 1021 4340 consiliis
1032 4294 1187 4350 capiendis,
1200 4291 1286 4340 ‘when
1298 4291 1329 4341 he

129 4355 204 4418 agat,’
217 4357 260 4404 but
277 4356 339 4405 nster
350 4358 391 4405 the
402 4356 507 4406 inserted
522 4356 605 4406 clause
616 4356 705 4406 Cioero
755 4357 817 4405 took
829 4355 933 4416 advice,'
946 4360 988 4407 ‘as
999 4373 1014 4405 a
1025 4355 1180 4406 oounsellor.'

130 4422 204 4470 alters
216 4422 249 4469 its
260 4429 386 4471 stmctnre.
791 4423 828 4470 18.
846 4424 997 4472 Iunonem:
1016 4439 1054 4487 cp.
1072 4423 1139 4487 App.
1157 4422 1220 4472 Bell.
1237 4423 1292 4473 Civ.
1306 4436 1328 4471 2.

163 4487 241 4535 6.1n
261 4491 329 4536 huon
348 4491 417 4548 loos,
436 4488 477 4537 i.e.
497 4490 539 4537 ‘to
557 4487 600 4537 the
617 4486 705 4551 neigh·
758 4501 821 4546 122;
837 4488 905 4536 Dion
918 4487 1018 4537 Cassius
1030 4504 1069 4550 4⁴·
1082 4502 1121 4549 53.

130 4552 262 4601 bourhood
283 4554 312 4601 of
325 4553 366 4602 the
384 4555 431 4618 bay
449 4554 478 4602 oi
495 4551 608 4618 Nsples'
642 4552 705 4601 Leh-
792 4568 829 4618 ¹9·
847 4555 879 4603 Ia.
892 4556 1009 4603 oseem
1026 4568 1066 4618 ep.
1077 4554 1124 4618 Ep.
1138 4566 1160 4614 1,
1173 4567 1196 4614 a,
1207 4559 1275 4604 note.

673 4651 787 4701 uma
1346 4638 1440 4728 Δ
