3052 5026
116 343 247 437 1272]
481 351 548 412 ιιι
569 350 786 414 Arrrcorv
805 350 848 414 ιι.
873 350 948 414 ει.
1250 350 1315 436 385

117 521 219 587 facias
235 522 447 589 Dolabellam
469 533 503 588 et
517 523 662 588 Tulliam
683 532 786 600 tuam,
801 523 958 588 feminam
980 522 1199 604 lectissimam,
1214 526 1316 589 tanti-

116 646 182 708 que
200 628 244 691 ab
261 629 417 693 omnibus
439 629 534 693 nobis
557 627 625 704 fias,
642 629 762 711 quibus
785 627 972 692 mehercule
994 629 1137 712 dignitas
1159 630 1316 712 amplitu-

116 731 229 813 doque
243 740 302 796 tua
316 753 421 816 paene
443 733 549 796 carior
563 741 612 795 est
628 753 728 815 quam
748 732 810 796 tibi
833 732 916 815 ipsi;
939 733 998 797 sed
1021 742 1131 796 tamen
1154 754 1220 797 non
1243 754 1317 797 sum

117 836 295 900 arbitratus
322 857 395 901 esse
417 836 515 899 amici
542 855 609 899 non
632 836 833 901 commoveri
860 837 960 901 etiam
992 837 1218 920 improborum
1248 857 1317 900 ser-

118 959 226 1016 mone,
241 950 344 1020 atque
364 959 405 1005 eo
427 939 488 1003 feci
504 939 690 1014 studiosius,
708 941 798 1022 quod
827 939 1012 1004 iudicabam
1035 942 1182 1006 duriores
1208 952 1345 1025 partess

119 1043 200 1107 mihi
215 1042 387 1127 impositas
401 1063 473 1106 esse
488 1043 531 1106 ab
546 1042 728 1108 offensione
743 1052 865 1121 nostra,
880 1065 966 1127 quae
982 1046 1088 1127 magis
1110 1067 1131 1109 a
1154 1045 1319 1129 zelotypia

119 1168 193 1212 mea
211 1168 313 1231 quam
335 1147 379 1211 ab
401 1146 515 1211 iniuria
538 1154 596 1211 tua
618 1157 696 1211 nata
720 1156 779 1211 est.
825 1145 880 1212 Sic
898 1147 985 1211 enim
1007 1149 1084 1213 volo
1106 1158 1140 1213 te
1161 1148 1223 1214 tibi
1246 1170 1319 1233 per-

120 1249 267 1328 suadere,
283 1250 362 1314 mihi
383 1250 548 1314 neminem
572 1270 643 1314 esse
665 1251 824 1314 cariorem
847 1259 881 1313 te
903 1261 1045 1335 excepto
1070 1250 1211 1316 Caesare
1234 1273 1319 1330 me0,

87 1355 296 1420 ²Caesarem
317 1355 463 1419 maxime
486 1354 518 1417 in
540 1355 606 1418 suis
629 1354 677 1417 Μ.
695 1352 887 1420 Ciceronem
910 1375 1075 1438 reponere.
1120 1355 1197 1439 Qua
1214 1378 1257 1435 re,
1273 1357 1318 1419 mi

122 1457 249 1535 Cicero,
260 1468 294 1523 te
309 1479 399 1542 rogo,
412 1467 449 1522 ut
464 1459 525 1522 tibi
542 1459 653 1524 omnia
664 1458 792 1542 integra
806 1480 923 1534 serves,
933 1460 1003 1524 eius
1018 1459 1119 1524 fidem
1140 1461 1318 1544 improbes,
1332 1480 1365 1514 10

120 1563 176 1646 qui
191 1564 260 1639 tibi,
271 1572 309 1627 ut
324 1562 519 1627 beneficium
531 1563 635 1637 daret,
651 1564 741 1647 prius
765 1563 917 1627 iniuriam
940 1563 1027 1641 fecit,
1043 1573 1157 1629 contra
1179 1585 1221 1628 ne
1243 1585 1319 1648 pro·

120 1667 235 1751 fugias,
244 1668 301 1751 qui
313 1677 355 1744 te,
367 1666 429 1731 etsi
440 1688 506 1731 non
516 1667 777 1750 amabit—quod
790 1667 937 1732 accidere
949 1687 1014 1730 non
1031 1677 1194 1750 potest-,
1206 1680 1319 1732 tamen

120 1772 248 1836 salvum
263 1771 571 1854 amplissimumque
586 1791 658 1835 esse
673 1772 793 1855 cupiet.
817 1772 941 1854 Dedita
956 1793 1059 1854 opera
1073 1774 1116 1836 ad
1132 1781 1167 1835 te
1182 1770 1320 1854 Calpur-

120 1876 222 1953 nium,
242 1875 534 1941 familiarissimum
557 1896 679 1948 meum,
695 1875 778 1952 misi,
794 1885 830 1939 ut
853 1874 933 1938 mihi
957 1895 1097 1958 magnae
1116 1896 1213 1941 curae
1227 1886 1320 1940 tuam

120 1981 224 2045 vitam
242 2000 282 2044 ac
297 1981 493 2062 dignitatem
509 2001 581 2044 esse
594 1978 713 2044 scires!
1335 1994 1365 2044 1⁵

166 2083 299 2149 Eodem
315 2085 370 2148 die
384 2105 406 2149 a
422 2082 563 2148 Caesare
579 2083 776 2147 Philotimus
796 2082 922 2147 litteras
940 2082 1054 2148 attulit
1071 2082 1135 2149 hoc
1155 2069 1319 2167 erremplo.

155 2253 179 2301 4
196 2240 293 2287 littam
301 2240 494 2296 improborum
500 2252 637 2297 sermone,
651 2237 700 2300 ‘by
745 2234 828 2285 which
840 2235 853 2284 1
863 2234 927 2285 have
938 2234 1064 2287 followed.
1082 2236 1154 2287 With
1165 2237 1208 2287 the
1219 2238 1321 2302 asynde·

122 2303 165 2354 the
176 2303 230 2353 tallr
241 2319 302 2352 even
314 2303 344 2353 of
351 2303 531 2367 nnscrupulous
540 2301 646 2368 people!
745 2308 797 2360 ton,
809 2316 848 2366 cp.
860 2318 885 2367 p.
895 2317 937 2365 44,
947 2303 1011 2351 lines
1024 2316 1051 2351 ιι
1064 2303 1114 2351 end
1129 2316 1166 2352 ιι.

157 2382 179 2432 5.
197 2372 265 2418 Feci
276 2372 441 2427 studiosius,
454 2369 482 2415 ‘I
500 2366 563 2418 have
574 2367 645 2417 acted
656 2367 699 2417 the
779 2370 934 2424 Reponere.
977 2367 1039 2416 This
1067 2383 1146 2418 seems
1180 2368 1322 2433 equivaleut

122 2450 193 2485 more
207 2432 345 2497 enmestly,'
362 2434 485 2484 ‘fulfilled
500 2434 551 2483 this
565 2434 627 2497 duty
638 2433 699 2483 with
745 2431 803 2481 here
814 2440 841 2481 to
851 2432 894 2482 the
905 2432 994 2498 simple
1002 2433 1060 2482 verb
1072 2432 1194 2497 ‘ponere’
1220 2435 1268 2499 Cp.
1280 2435 1321 2484 De

123 2500 165 2550 the
177 2515 245 2549 more
256 2498 326 2550 zeal!
746 2498 805 2547 Nat.
819 2499 896 2547 Deor.
916 2512 937 2545 ι.
956 2511 995 2555 21,
1010 2512 1044 2562 54
1060 2507 1126 2547 ‘non
1143 2515 1275 2563 possumus
1291 2515 1322 2549 ea

157 2569 242 2623 Quod
254 2568 414 2614 indicabam
426 2601 432 2613 .
445 2601 451 2614 .
464 2570 569 2620 nostre,
582 2565 700 2614 ‘because
745 2564 800 2627 ipse
818 2563 923 2628 [sidera]
939 2579 990 2612 non
1007 2564 1032 2612 in
1049 2565 1151 2614 deorum
1167 2580 1270 2615 numero
1286 2581 1322 2616 re·

122 2631 136 2681 1
148 2631 220 2681 think
232 2646 278 2680 our
288 2630 385 2696 querrel
401 2629 510 2694 requires
521 2645 589 2679 more
605 2632 634 2678 of
642 2628 698 2690 me,'
744 2627 850 2694 ponere?

122 2697 140 2747 i.
150 2713 171 2746 e.
183 2697 215 2747 he
225 2712 278 2746 was
294 2696 336 2745 the
347 2710 416 2745 more
429 2695 513 2744 bound
528 2703 555 2744 to
568 2697 598 2745 be
608 2695 700 2744 watch·
781 2707 818 2741 ro.
836 2697 915 2755 iltius,
927 2694 1048 2759 Pompeii.

122 2762 159 2812 ful
179 2763 208 2811 of
227 2762 337 2812 Cicero'e
359 2761 515 2822 interestne
537 2777 585 2825 nny
603 2760 700 2824 neglect
778 2762 879 2809 ll'ldern
891 2764 1040 2816 improbes,
1056 2759 1323 2811 ‘retrovalueonhis

123 2828 206 2893 might
217 2828 247 2877 be
257 2827 392 2877 attributed
402 2835 429 2876 to
441 2826 555 2891 personal
566 2827 677 2876 motives.
745 2823 858 2874 honour.'
880 2826 973 2888 Metzg.
995 2827 1132 2891 ‘Pompeio
1142 2842 1174 2876 ne
1184 2835 1209 2875 te
1220 2827 1322 2877 credas!

157 2897 292 2943 Duriores
322 2899 417 2950 parter
450 2896 522 2941 mihi
552 2895 700 2949 impositu
746 2891 843 2939 Manut.
877 2891 1048 2955 Pompeyhad
1064 2892 1194 2956 promoted
1212 2909 1241 2941 or
1255 2909 1324 2943 sanc·

123 2957 463 3023 esee-‘plusameexigi'
498 2957 570 3006 Boot.
605 2957 646 3005 On
658 2958 701 3005 the
747 2956 832 3006 tioned
843 2956 952 3006 Cicero's
967 2958 1127 3007 banishment.
1161 2958 1210 3021 Cp.
1224 2958 1284 3007 Intr.
1296 2966 1324 3007 to

122 3024 241 3074 insertion
261 3024 290 3073 of
305 3021 367 3073 ‘ab’
382 3025 465 3074 before
480 3021 645 3083 ‘offensione’
662 3038 701 3087 cp.
748 3022 807 3071 Part
817 3021 838 3081 1,
853 3027 866 3081 4
881 3036 919 3071 ao.

123 3090 170 3155 Ep.
183 3103 208 3154 5,
222 3103 260 3146 ιο,
272 3097 337 3139 note.
784 3100 822 3136 ιι.
840 3090 898 3144 Qui
913 3091 968 3137 tibt
984 3090 1098 3146 ..feeit
1118 3087 1189 3136 ‘who
1207 3089 1325 3154 wronged

157 3154 181 3205 6.
201 3157 357 3213 zelotypis,
386 3153 528 3218 ‘jedousyff
562 3155 585 3203 It
616 3170 703 3204 occurs
749 3169 799 3218 you
815 3152 866 3202 first
884 3153 938 3202 that
957 3154 989 3203 he
1005 3154 1086 3218 might
1102 3169 1170 3202 serve
1187 3169 1236 3218 you
1253 3155 1325 3204 aiter·

123 3220 198 3271 Tunc.
212 3221 284 3284 Disp.
297 3238 320 3284 4
333 3222 357 3278 8,
372 3220 409 3277 18,
421 3220 465 3268 but
481 3220 506 3268 in
520 3220 601 3270 Greek
610 3220 703 3281 lettere,
749 3217 845 3267 warde'
863 3219 910 3283 Cp.
920 3219 968 3283 Ep.
976 3233 1015 3281 54,
1029 3233 1043 3280 3
1056 3218 1114 3268 ‘ille
1122 3221 1264 3269 restituendi
1275 3221 1324 3269 mei

123 3286 214 3337 Cicero
220 3287 290 3349 gives
301 3288 308 3312 ‘
318 3284 480 3335 obtrectatio’
492 3302 520 3335 as
529 3304 545 3336 a
553 3286 625 3335 Latin
635 3286 702 3350 equi-
749 3300 823 3349 quam
834 3285 952 3333 retinendi
964 3284 1113 3333 studiosior!

122 3353 214 3403 valent.
227 3351 704 3416 Antony'sjealousyarosefromCicero
782 3347 1325 3409 Nemotugtae,sub.‘enm,’sc.Caesarern.

123 3417 216 3482 having
237 3419 297 3467 been
319 3416 413 3467 elected
435 3432 515 3482 augur
536 3417 619 3467 before
641 3418 702 3467 him.
750 3415 838 3465 Cicero
849 3431 928 3465 seems
940 3424 983 3465 not
997 3424 1024 3465 to
1037 3431 1078 3464 use
1089 3416 1140 3465 this
1151 3416 1210 3465 verb
1221 3418 1325 3466 withan

124 3483 171 3549 Cp.
191 3485 253 3533 Intr.
272 3492 300 3532 to
311 3484 370 3533 Part
390 3482 426 3543 11,
449 3488 462 3542 5
485 3496 531 3545 13;
548 3483 658 3549 Philipp.
679 3497 701 3532 a.
748 3481 888 3531 accusative
905 3481 1010 3531 atterit.
1046 3481 1086 3530 On
1102 3481 1144 3530 the
1161 3482 1280 3533 omission
1299 3481 1329 3531 of

127 3562 150 3609 a,
161 3565 185 3611 4.
749 3544 840 3606 ‘eorm'
852 3562 890 3610 cp.
904 3547 951 3612 Ep.
965 3561 1005 3610 34,
1019 3555 1042 3610 7,
1053 3554 1119 3595 note.

160 3627 182 3678 7.
200 3616 312 3663 Iniuria
327 3620 386 3675 tue,
402 3615 468 3678 ‘any
484 3631 571 3680 wrong
586 3615 652 3663 done
668 3614 702 3677 by
784 3625 821 3661 ιι.
840 3610 1069 3662 liltnt=‘etiamsi.'
1103 3611 1191 3662 Hofm.

124 3678 189 3745 you‘
223 3680 271 3744 Cp.
284 3679 370 3730 Madv.
384 3692 466 3745 ²9⁷³·
782 3680 867 3734 Quod
878 3681 1004 3728 eootdere
1016 3693 1074 3728 non
1082 3682 1183 3739 potest,
1196 3694 1231 3729 se.
1246 3682 1289 3728 ‘ut
1300 3685 1325 3728 te

157 3761 181 3810 o
201 3750 355 3796 crearem.
400 3747 482 3795 Baiter
509 3745 594 3795 inserts
618 3744 703 3795 before
746 3741 889 3794 ιιοιιιιιιιετ.Ι

124 3811 175 3860 this
194 3811 263 3860 word
287 3812 350 3860 from
369 3811 525 3861 Cratander's
543 3811 639 3861 edition
658 3810 702 3859 the
784 3823 821 3872 13.
838 3813 943 3859 Dedite
962 3807 1118 3867 operula
1129 3806 1241 3872 προνοίας
1252 3811 1325 3873 (For-

125 3877 207 3926 vords
223 3880 327 3942 ‘meque
344 3877 407 3926 illud
426 3893 475 3926 una
495 3875 619 3927 indicere)
653 3877 702 3926 But
748 3875 828 3939 cell),
840 3881 846 3901 ⁸
857 3890 889 3923 ou
901 3872 1027 3939 purpose!

124 3942 221 3992 neither
232 3943 297 3992 Boot
313 3957 359 3992 nor
374 3943 503 3992 Hofmann
516 3942 702 4007 seesnnydiffi·
782 3943 974 3997 calpurnium.
1008 3940 1117 3989 Perhns
1146 3940 1190 3990 the
1214 3939 1243 3989 L.
1267 3938 1325 3990 Piso

125 4009 196 4072 eulty
212 4008 238 4058 in
257 4008 300 4058 the
322 4008 426 4075 reading
448 4010 477 4059 of
497 4009 540 4059 the
561 4010 615 4059 best
637 4006 703 4065 MS..
749 4005 892 4058 mentioned
902 4006 1012 4071 Philipp.
1027 4019 1065 4056 ιο.
1094 4018 1155 4070 ,r3.
