<?xml version="1.0" encoding="UTF-8"?>
<!DOCTYPE html PUBLIC "-//W3C//DTD XHTML 1.0 Transitional//EN"
    "http://www.w3.org/TR/xhtml1/DTD/xhtml1-transitional.dtd">
<html xmlns="http://www.w3.org/1999/xhtml" xml:lang="en" lang="en">
 <head>
  <title>
</title>
<meta http-equiv="Content-Type" content="text/html;charset=utf-8" />
  <meta name='ocr-system' content='tesseract 3.04.00' />
  <meta name='ocr-capabilities' content='ocr_page ocr_carea ocr_par ocr_line ocrx_word'/>
</head>
<body>
  <div class='ocr_page' id='page_1' title='image "./cicero00cicegoog_0405.png"; bbox 0 0 3030 5542; ppageno 0'>
   <div class='ocr_carea' id='block_1_1' title="bbox 190 866 1393 960">
    <p class='ocr_par' dir='ltr' id='par_1_1' title="bbox 190 866 1393 960">
     <span class='ocr_line' id='line_1_1' title="bbox 190 866 1393 960; baseline -0.002 -24"><span class='ocrx_word' id='word_1_1' title='bbox 190 893 209 959; x_wconf 81' lang='lat'>3</span> <span class='ocrx_word' id='word_1_2' title='bbox 212 875 254 957; x_wconf 89' lang='lat'>56</span> <span class='ocrx_word' id='word_1_3' title='bbox 524 874 574 935; x_wconf 90' lang='lat' dir='ltr'>M.</span> <span class='ocrx_word' id='word_1_4' title='bbox 601 874 764 937; x_wconf 85' lang='lat' dir='ltr'><em>TULLII</em></span> <span class='ocrx_word' id='word_1_5' title='bbox 785 871 1041 936; x_wconf 81' lang='lat' dir='ltr'><em>CICERONIS</em></span> <span class='ocrx_word' id='word_1_6' title='bbox 1226 866 1326 960; x_wconf 77' lang='lat' dir='ltr'>[rm</span> <span class='ocrx_word' id='word_1_7' title='bbox 1340 889 1393 934; x_wconf 91' lang='lat'>111.</span> 
     </span>
    </p>
   </div>
   <div class='ocr_carea' id='block_1_2' title="bbox 130 1042 1413 3418">
    <p class='ocr_par' dir='ltr' id='par_1_2' title="bbox 130 1042 1413 3418">
     <span class='ocr_line' id='line_1_2' title="bbox 189 1042 1391 1130; baseline -0.002 -21"><span class='ocrx_word' id='word_1_8' title='bbox 189 1045 232 1109; x_wconf 91' lang='lat' dir='ltr'>ad</span> <span class='ocrx_word' id='word_1_9' title='bbox 249 1045 436 1127; x_wconf 87' lang='lat' dir='ltr'>pactionem</span> <span class='ocrx_word' id='word_1_10' title='bbox 451 1044 550 1121; x_wconf 89' lang='lat' dir='ltr'>venit,</span> <span class='ocrx_word' id='word_1_11' title='bbox 566 1043 698 1130; x_wconf 85' lang='lat' dir='ltr'>longius</span> <span class='ocrx_word' id='word_1_12' title='bbox 715 1045 840 1109; x_wconf 89' lang='lat' dir='ltr'>bellum</span> <span class='ocrx_word' id='word_1_13' title='bbox 852 1054 936 1128; x_wconf 92' lang='lat' dir='ltr'>puto</span> <span class='ocrx_word' id='word_1_14' title='bbox 951 1042 1042 1122; x_wconf 82' lang='lat' dir='ltr'>iore3</span> <span class='ocrx_word' id='word_1_15' title='bbox 1065 1043 1116 1108; x_wconf 92' lang='lat' dir='ltr'>sin</span> <span class='ocrx_word' id='word_1_16' title='bbox 1137 1043 1268 1109; x_wconf 89' lang='lat' dir='ltr'>Italiam</span> <span class='ocrx_word' id='word_1_17' title='bbox 1293 1042 1391 1107; x_wconf 88' lang='lat' dir='ltr'>relin-</span> 
     </span>
     <span class='ocr_line' id='line_1_3' title="bbox 188 1145 1391 1234; baseline 0.002 -23"><span class='ocrx_word' id='word_1_18' title='bbox 188 1150 269 1231; x_wconf 91' lang='lat' dir='ltr'><strong>quit,</strong></span> <span class='ocrx_word' id='word_1_19' title='bbox 284 1152 328 1215; x_wconf 93' lang='lat' dir='ltr'>ad</span> <span class='ocrx_word' id='word_1_20' title='bbox 344 1160 513 1234; x_wconf 86' lang='lat' dir='ltr'>posterum</span> <span class='ocrx_word' id='word_1_21' title='bbox 535 1149 659 1215; x_wconf 93' lang='lat' dir='ltr'>bellum</span> <span class='ocrx_word' id='word_1_22' title='bbox 684 1151 839 1214; x_wconf 65' lang='lat' dir='ltr'>dorostori</span> <span class='ocrx_word' id='word_1_23' title='bbox 851 1149 933 1213; x_wconf 92' lang='lat' dir='ltr'>strui</span> <span class='ocrx_word' id='word_1_24' title='bbox 948 1145 1125 1213; x_wconf 82' lang='lat' dir='ltr'>existimo’</span> <span class='ocrx_word' id='word_1_25' title='bbox 1171 1149 1279 1213; x_wconf 87' lang='lat' dir='ltr'>Huius</span> <span class='ocrx_word' id='word_1_26' title='bbox 1289 1149 1391 1232; x_wconf 83' lang='lat' dir='ltr'>igitur</span> 
     </span>
     <span class='ocr_line' id='line_1_4' title="bbox 186 1253 1389 1339; baseline 0.002 -22"><span class='ocrx_word' id='word_1_27' title='bbox 186 1253 264 1318; x_wconf 88' lang='lat' dir='ltr'>belli</span> <span class='ocrx_word' id='word_1_28' title='bbox 292 1276 355 1338; x_wconf 86' lang='lat' dir='ltr'>ego</span> <span class='ocrx_word' id='word_1_29' title='bbox 382 1255 546 1339; x_wconf 86' lang='lat' dir='ltr'>particeps</span> <span class='ocrx_word' id='word_1_30' title='bbox 578 1266 611 1319; x_wconf 91' lang='lat' dir='ltr'>et</span> <span class='ocrx_word' id='word_1_31' title='bbox 641 1256 750 1320; x_wconf 92' lang='lat' dir='ltr'>socius</span> <span class='ocrx_word' id='word_1_32' title='bbox 777 1264 811 1319; x_wconf 89' lang='lat' dir='ltr'>et</span> <span class='ocrx_word' id='word_1_33' title='bbox 836 1254 970 1318; x_wconf 91' lang='lat' dir='ltr'>adiutor</span> <span class='ocrx_word' id='word_1_34' title='bbox 996 1275 1068 1318; x_wconf 89' lang='lat' dir='ltr'>esse</span> <span class='ocrx_word' id='word_1_35' title='bbox 1095 1274 1207 1336; x_wconf 80' lang='lat' dir='ltr'>cogor,</span> <span class='ocrx_word' id='word_1_36' title='bbox 1229 1255 1322 1336; x_wconf 92' lang='lat' dir='ltr'>quod</span> <span class='ocrx_word' id='word_1_37' title='bbox 1353 1266 1389 1319; x_wconf 92' lang='lat' dir='ltr'>et</span> 
     </span>
     <span class='ocr_line' id='line_1_5' title="bbox 186 1356 1388 1435; baseline 0.002 -15"><span class='ocrx_word' id='word_1_38' title='bbox 186 1356 340 1422; x_wconf 65' lang='lat' dir='ltr'>dorostori</span> <span class='ocrx_word' id='word_1_39' title='bbox 361 1369 412 1423; x_wconf 88' lang='lat' dir='ltr'>est</span> <span class='ocrx_word' id='word_1_40' title='bbox 434 1369 563 1424; x_wconf 84' lang='lat' dir='ltr'>etcum</span> <span class='ocrx_word' id='word_1_41' title='bbox 587 1359 718 1423; x_wconf 91' lang='lat' dir='ltr'>civibus.</span> <span class='ocrx_word' id='word_1_42' title='bbox 765 1357 894 1421; x_wconf 88' lang='lat' dir='ltr'>Deinde</span> <span class='ocrx_word' id='word_1_43' title='bbox 916 1370 980 1421; x_wconf 83' lang='lat' dir='ltr'>vn.</span> <span class='ocrx_word' id='word_1_44' title='bbox 999 1358 1079 1420; x_wconf 89' lang='lat' dir='ltr'>Idus</span> <span class='ocrx_word' id='word_1_45' title='bbox 1099 1358 1203 1435; x_wconf 79' lang='lat' dir='ltr'>Febr,</span> <span class='ocrx_word' id='word_1_46' title='bbox 1218 1378 1295 1421; x_wconf 87' lang='lat' dir='ltr'>cum</span> <span class='ocrx_word' id='word_1_47' title='bbox 1319 1358 1388 1422; x_wconf 91' lang='lat' dir='ltr'>iam</span> 
     </span>
     <span class='ocr_line' id='line_1_6' title="bbox 154 1460 1387 1547; baseline 0.002 -23"><span class='ocrx_word' id='word_1_48' title='bbox 154 1460 279 1543; x_wconf 82' lang='lat' dir='ltr'>5plura</span> <span class='ocrx_word' id='word_1_49' title='bbox 295 1463 424 1527; x_wconf 89' lang='lat' dir='ltr'>audires</span> <span class='ocrx_word' id='word_1_50' title='bbox 444 1465 487 1527; x_wconf 92' lang='lat' dir='ltr'>de</span> <span class='ocrx_word' id='word_1_51' title='bbox 508 1463 656 1547; x_wconf 93' lang='lat' dir='ltr'>Pompeii</span> <span class='ocrx_word' id='word_1_52' title='bbox 680 1462 827 1538; x_wconf 90' lang='lat' dir='ltr'>consilio,</span> <span class='ocrx_word' id='word_1_53' title='bbox 840 1462 1009 1526; x_wconf 91' lang='lat' dir='ltr'>concludis</span> <span class='ocrx_word' id='word_1_54' title='bbox 1027 1461 1202 1543; x_wconf 88' lang='lat' dir='ltr'>epistolam</span> <span class='ocrx_word' id='word_1_55' title='bbox 1218 1462 1387 1544; x_wconf 87' lang='lat' dir='ltr'>quandam</span> 
     </span>
     <span class='ocr_line' id='line_1_7' title="bbox 184 1564 1385 1652; baseline 0.002 -25"><span class='ocrx_word' id='word_1_56' title='bbox 184 1564 247 1630; x_wconf 93' lang='lat' dir='ltr'>hoc</span> <span class='ocrx_word' id='word_1_57' title='bbox 264 1568 384 1632; x_wconf 91' lang='lat' dir='ltr'>modo:</span> <span class='ocrx_word' id='word_1_58' title='bbox 400 1575 484 1652; x_wconf 85' lang='lat' dir='ltr'>‘ego</span> <span class='ocrx_word' id='word_1_59' title='bbox 500 1568 635 1651; x_wconf 90' lang='lat' dir='ltr'>quidem</span> <span class='ocrx_word' id='word_1_60' title='bbox 651 1568 712 1632; x_wconf 90' lang='lat' dir='ltr'>tibi</span> <span class='ocrx_word' id='word_1_61' title='bbox 727 1587 793 1631; x_wconf 93' lang='lat' dir='ltr'>non</span> <span class='ocrx_word' id='word_1_62' title='bbox 809 1566 872 1631; x_wconf 89' lang='lat' dir='ltr'>sim</span> <span class='ocrx_word' id='word_1_63' title='bbox 886 1575 1008 1642; x_wconf 87' lang='lat' dir='ltr'>auctor,</span> <span class='ocrx_word' id='word_1_64' title='bbox 1021 1566 1047 1629; x_wconf 93' lang='lat' dir='ltr'>si</span> <span class='ocrx_word' id='word_1_65' title='bbox 1062 1565 1239 1649; x_wconf 91' lang='lat' dir='ltr'>Pompeius</span> <span class='ocrx_word' id='word_1_66' title='bbox 1252 1564 1385 1630; x_wconf 88' lang='lat' dir='ltr'>ltaliam</span> 
     </span>
     <span class='ocr_line' id='line_1_8' title="bbox 182 1667 1385 1756; baseline 0.002 -25"><span class='ocrx_word' id='word_1_67' title='bbox 182 1668 347 1752; x_wconf 87' lang='lat' dir='ltr'>relinquit,</span> <span class='ocrx_word' id='word_1_68' title='bbox 362 1682 396 1735; x_wconf 91' lang='lat' dir='ltr'>te</span> <span class='ocrx_word' id='word_1_69' title='bbox 411 1693 544 1756; x_wconf 92' lang='lat' dir='ltr'>quoque</span> <span class='ocrx_word' id='word_1_70' title='bbox 560 1671 751 1755; x_wconf 80' lang='lat' dir='ltr'>profugere3</span> <span class='ocrx_word' id='word_1_71' title='bbox 774 1690 906 1734; x_wconf 92' lang='lat' dir='ltr'>summo</span> <span class='ocrx_word' id='word_1_72' title='bbox 922 1670 1010 1733; x_wconf 91' lang='lat' dir='ltr'>enim</span> <span class='ocrx_word' id='word_1_73' title='bbox 1030 1669 1177 1752; x_wconf 88' lang='lat' dir='ltr'>periculo</span> <span class='ocrx_word' id='word_1_74' title='bbox 1200 1667 1301 1734; x_wconf 82' lang='lat' dir='ltr'>iacies</span> <span class='ocrx_word' id='word_1_75' title='bbox 1324 1691 1385 1735; x_wconf 92' lang='lat' dir='ltr'>nec</span> 
     </span>
     <span class='ocr_line' id='line_1_9' title="bbox 182 1773 1384 1859; baseline 0.002 -23"><span class='ocrx_word' id='word_1_76' title='bbox 182 1774 227 1836; x_wconf 89' lang='lat' dir='ltr'>rei</span> <span class='ocrx_word' id='word_1_77' title='bbox 255 1773 406 1857; x_wconf 88' lang='lat' dir='ltr'>publicae</span> <span class='ocrx_word' id='word_1_78' title='bbox 429 1777 587 1859; x_wconf 91' lang='lat' dir='ltr'>proderis,</span> <span class='ocrx_word' id='word_1_79' title='bbox 603 1776 655 1840; x_wconf 90' lang='lat' dir='ltr'>cui</span> <span class='ocrx_word' id='word_1_80' title='bbox 678 1775 815 1859; x_wconf 91' lang='lat' dir='ltr'>quidem</span> <span class='ocrx_word' id='word_1_81' title='bbox 839 1773 1002 1857; x_wconf 87' lang='lat' dir='ltr'>posterius</span> <span class='ocrx_word' id='word_1_82' title='bbox 1025 1774 1148 1857; x_wconf 91' lang='lat' dir='ltr'>poteris</span> <span class='ocrx_word' id='word_1_83' title='bbox 1171 1775 1339 1855; x_wconf 86' lang='lat' dir='ltr'>prodesse,</span> <span class='ocrx_word' id='word_1_84' title='bbox 1355 1776 1384 1838; x_wconf 91' lang='lat' dir='ltr'>si</span> 
     </span>
     <span class='ocr_line' id='line_1_10' title="bbox 182 1876 1383 1963; baseline 0.002 -24"><span class='ocrx_word' id='word_1_85' title='bbox 182 1879 356 1942; x_wconf 67' lang='lat' dir='ltr'>manseris!</span> <span class='ocrx_word' id='word_1_86' title='bbox 401 1879 512 1963; x_wconf 86' lang='lat' dir='ltr'>Quem</span> <span class='ocrx_word' id='word_1_87' title='bbox 539 1880 725 1961; x_wconf 80' lang='grc' dir='ltr'>φιλόπατριν</span> <span class='ocrx_word' id='word_1_88' title='bbox 746 1899 785 1942; x_wconf 89' lang='lat' dir='ltr'>ac</span> <span class='ocrx_word' id='word_1_89' title='bbox 809 1882 967 1941; x_wconf 81' lang='grc' dir='ltr'>πολιτικὸν</span> <span class='ocrx_word' id='word_1_90' title='bbox 988 1876 1131 1940; x_wconf 91' lang='lat' dir='ltr'>hominis</span> <span class='ocrx_word' id='word_1_91' title='bbox 1155 1878 1326 1959; x_wconf 87' lang='lat' dir='ltr'>prudentis</span> <span class='ocrx_word' id='word_1_92' title='bbox 1348 1888 1383 1942; x_wconf 90' lang='lat' dir='ltr'>et</span> 
     </span>
     <span class='ocr_line' id='line_1_11' title="bbox 136 1980 1413 2064; baseline 0.003 -23"><span class='ocrx_word' id='word_1_93' title='bbox 136 2006 167 2042; x_wconf 92' lang='lat'>10</span> <span class='ocrx_word' id='word_1_94' title='bbox 180 1981 278 2044; x_wconf 90' lang='lat' dir='ltr'>amici</span> <span class='ocrx_word' id='word_1_95' title='bbox 296 1981 354 2046; x_wconf 91' lang='lat' dir='ltr'>tali</span> <span class='ocrx_word' id='word_1_96' title='bbox 370 1984 543 2048; x_wconf 91' lang='lat' dir='ltr'>admonitu</span> <span class='ocrx_word' id='word_1_97' title='bbox 560 2004 625 2046; x_wconf 90' lang='lat' dir='ltr'>non</span> <span class='ocrx_word' id='word_1_98' title='bbox 642 1991 790 2047; x_wconf 90' lang='lat' dir='ltr'>moveret</span> <span class='ocrx_word' id='word_1_99' title='bbox 805 1982 1008 2045; x_wconf 88' lang='lat' dir='ltr'>auctoritas?</span> <span class='ocrx_word' id='word_1_100' title='bbox 1054 1980 1220 2064; x_wconf 87' lang='lat' dir='ltr'>Deinceps</span> <span class='ocrx_word' id='word_1_101' title='bbox 1233 1994 1286 2045; x_wconf 90' lang='lat'>111.</span> <span class='ocrx_word' id='word_1_102' title='bbox 1299 1981 1413 2045; x_wconf 80' lang='lat' dir='ltr'>Idusa</span> 
     </span>
     <span class='ocr_line' id='line_1_12' title="bbox 180 2084 1382 2169; baseline 0.002 -22"><span class='ocrx_word' id='word_1_103' title='bbox 180 2084 276 2148; x_wconf 83' lang='lat' dir='ltr'>Febr.</span> <span class='ocrx_word' id='word_1_104' title='bbox 294 2086 413 2150; x_wconf 90' lang='lat' dir='ltr'>iterum</span> <span class='ocrx_word' id='word_1_105' title='bbox 431 2088 510 2151; x_wconf 92' lang='lat' dir='ltr'>mihi</span> <span class='ocrx_word' id='word_1_106' title='bbox 526 2088 704 2169; x_wconf 91' lang='lat' dir='ltr'>respondes</span> <span class='ocrx_word' id='word_1_107' title='bbox 726 2086 909 2151; x_wconf 89' lang='lat' dir='ltr'>consulenti</span> <span class='ocrx_word' id='word_1_108' title='bbox 927 2086 994 2150; x_wconf 89' lang='lat' dir='ltr'>sic:</span> <span class='ocrx_word' id='word_1_109' title='bbox 1020 2086 1126 2169; x_wconf 86' lang='lat' dir='ltr'>‘quod</span> <span class='ocrx_word' id='word_1_110' title='bbox 1143 2086 1272 2168; x_wconf 90' lang='lat' dir='ltr'>quaeris</span> <span class='ocrx_word' id='word_1_111' title='bbox 1287 2106 1309 2150; x_wconf 88' lang='lat' dir='ltr'>a</span> <span class='ocrx_word' id='word_1_112' title='bbox 1326 2106 1382 2150; x_wconf 91' lang='lat' dir='ltr'>me</span> 
     </span>
     <span class='ocr_line' id='line_1_13' title="bbox 179 2187 1380 2273; baseline 0.002 -22"><span class='ocrx_word' id='word_1_113' title='bbox 179 2187 478 2272; x_wconf 84' lang='lat' dir='ltr'>fugamne†lidam</span> <span class='ocrx_word' id='word_1_114' title='bbox 501 2212 543 2254; x_wconf 91' lang='lat' dir='ltr'>an</span> <span class='ocrx_word' id='word_1_115' title='bbox 567 2212 695 2255; x_wconf 92' lang='lat' dir='ltr'>moram</span> <span class='ocrx_word' id='word_1_116' title='bbox 719 2190 867 2253; x_wconf 88' lang='lat' dir='ltr'>desidem</span> <span class='ocrx_word' id='word_1_117' title='bbox 892 2191 1055 2253; x_wconf 91' lang='lat' dir='ltr'>utiliorem</span> <span class='ocrx_word' id='word_1_118' title='bbox 1075 2200 1199 2272; x_wconf 88' lang='lat' dir='ltr'>putem,</span> <span class='ocrx_word' id='word_1_119' title='bbox 1214 2211 1278 2273; x_wconf 86' lang='lat' dir='ltr'>ego</span> <span class='ocrx_word' id='word_1_120' title='bbox 1300 2210 1380 2254; x_wconf 90' lang='lat' dir='ltr'>vero</span> 
     </span>
     <span class='ocr_line' id='line_1_14' title="bbox 179 2292 1378 2381; baseline 0 -25"><span class='ocrx_word' id='word_1_121' title='bbox 179 2293 212 2357; x_wconf 93' lang='lat' dir='ltr'>in</span> <span class='ocrx_word' id='word_1_122' title='bbox 242 2294 427 2377; x_wconf 88' lang='lat' dir='ltr'>praesentia</span> <span class='ocrx_word' id='word_1_123' title='bbox 456 2296 602 2359; x_wconf 90' lang='lat' dir='ltr'>subitum</span> <span class='ocrx_word' id='word_1_124' title='bbox 629 2295 810 2358; x_wconf 89' lang='lat' dir='ltr'>discessum</span> <span class='ocrx_word' id='word_1_125' title='bbox 837 2304 871 2358; x_wconf 90' lang='lat' dir='ltr'>et</span> <span class='ocrx_word' id='word_1_126' title='bbox 897 2294 1113 2381; x_wconf 78' lang='lat' dir='ltr'>praecipitem</span> <span class='ocrx_word' id='word_1_127' title='bbox 1139 2292 1378 2377; x_wconf 88' lang='lat' dir='ltr'>prosectionem</span> 
     </span>
     <span class='ocr_line' id='line_1_15' title="bbox 178 2397 1379 2482; baseline 0.001 -23"><span class='ocrx_word' id='word_1_128' title='bbox 178 2416 253 2460; x_wconf 91' lang='lat' dir='ltr'>cum</span> <span class='ocrx_word' id='word_1_129' title='bbox 270 2398 340 2473; x_wconf 88' lang='lat' dir='ltr'>tibi,</span> <span class='ocrx_word' id='word_1_130' title='bbox 360 2407 431 2462; x_wconf 92' lang='lat' dir='ltr'>tum</span> <span class='ocrx_word' id='word_1_131' title='bbox 448 2399 509 2482; x_wconf 91' lang='lat' dir='ltr'>ipsi</span> <span class='ocrx_word' id='word_1_132' title='bbox 527 2397 642 2462; x_wconf 91' lang='lat' dir='ltr'>Gnaeo</span> <span class='ocrx_word' id='word_1_133' title='bbox 658 2399 806 2464; x_wconf 89' lang='lat' dir='ltr'>inutilem</span> <span class='ocrx_word' id='word_1_134' title='bbox 828 2407 863 2462; x_wconf 94' lang='lat' dir='ltr'>et</span> <span class='ocrx_word' id='word_1_135' title='bbox 885 2397 1101 2481; x_wconf 88' lang='lat' dir='ltr'>periculosam</span> <span class='ocrx_word' id='word_1_136' title='bbox 1118 2409 1210 2481; x_wconf 88' lang='lat' dir='ltr'>puto,</span> <span class='ocrx_word' id='word_1_137' title='bbox 1225 2407 1260 2462; x_wconf 91' lang='lat' dir='ltr'>et</span> <span class='ocrx_word' id='word_1_138' title='bbox 1274 2398 1379 2462; x_wconf 91' lang='lat' dir='ltr'>satius</span> 
     </span>
     <span class='ocr_line' id='line_1_16' title="bbox 134 2501 1378 2586; baseline -0.001 -22"><span class='ocrx_word' id='word_1_139' title='bbox 134 2531 162 2583; x_wconf 84' lang='lat'>¹5</span> <span class='ocrx_word' id='word_1_140' title='bbox 178 2521 250 2565; x_wconf 88' lang='lat' dir='ltr'>esse</span> <span class='ocrx_word' id='word_1_141' title='bbox 276 2502 433 2567; x_wconf 91' lang='lat' dir='ltr'>existimo</span> <span class='ocrx_word' id='word_1_142' title='bbox 454 2524 515 2566; x_wconf 93' lang='lat' dir='ltr'>vos</span> <span class='ocrx_word' id='word_1_143' title='bbox 545 2504 736 2586; x_wconf 90' lang='lat' dir='ltr'>dispertitos</span> <span class='ocrx_word' id='word_1_144' title='bbox 760 2512 793 2566; x_wconf 90' lang='lat' dir='ltr'>et</span> <span class='ocrx_word' id='word_1_145' title='bbox 817 2503 850 2565; x_wconf 92' lang='lat' dir='ltr'>in</span> <span class='ocrx_word' id='word_1_146' title='bbox 874 2502 1016 2586; x_wconf 90' lang='lat' dir='ltr'>speculis</span> <span class='ocrx_word' id='word_1_147' title='bbox 1042 2523 1134 2578; x_wconf 90' lang='lat' dir='ltr'>esse;</span> <span class='ocrx_word' id='word_1_148' title='bbox 1162 2501 1221 2566; x_wconf 91' lang='lat' dir='ltr'>sed</span> <span class='ocrx_word' id='word_1_149' title='bbox 1249 2502 1378 2565; x_wconf 89' lang='lat' dir='ltr'>medius</span> 
     </span>
     <span class='ocr_line' id='line_1_17' title="bbox 177 2604 1377 2690; baseline 0.001 -24"><span class='ocrx_word' id='word_1_150' title='bbox 177 2604 273 2668; x_wconf 88' lang='lat' dir='ltr'>fidius</span> <span class='ocrx_word' id='word_1_151' title='bbox 290 2614 387 2689; x_wconf 86' lang='lat' dir='ltr'>turpe</span> <span class='ocrx_word' id='word_1_152' title='bbox 402 2607 497 2671; x_wconf 88' lang='lat' dir='ltr'>nobis</span> <span class='ocrx_word' id='word_1_153' title='bbox 511 2617 594 2690; x_wconf 91' lang='lat' dir='ltr'>puto</span> <span class='ocrx_word' id='word_1_154' title='bbox 612 2628 683 2670; x_wconf 88' lang='lat' dir='ltr'>esse</span> <span class='ocrx_word' id='word_1_155' title='bbox 701 2607 743 2670; x_wconf 90' lang='lat' dir='ltr'>de</span> <span class='ocrx_word' id='word_1_156' title='bbox 760 2607 837 2690; x_wconf 87' lang='lat' dir='ltr'>luga</span> <span class='ocrx_word' id='word_1_157' title='bbox 852 2606 1015 2688; x_wconf 67' lang='lat' dir='ltr'>cogitare!</span> <span class='ocrx_word' id='word_1_158' title='bbox 1041 2606 1116 2670; x_wconf 92' lang='lat' dir='ltr'>Hoc</span> <span class='ocrx_word' id='word_1_159' title='bbox 1129 2615 1226 2688; x_wconf 88' lang='lat' dir='ltr'>turpe</span> <span class='ocrx_word' id='word_1_160' title='bbox 1240 2605 1377 2670; x_wconf 85' lang='lat' dir='ltr'>Gnaeus</span> 
     </span>
     <span class='ocr_line' id='line_1_18' title="bbox 177 2710 1376 2794; baseline 0.001 -22"><span class='ocrx_word' id='word_1_161' title='bbox 177 2719 287 2773; x_wconf 90' lang='lat' dir='ltr'>noster</span> <span class='ocrx_word' id='word_1_162' title='bbox 309 2710 441 2775; x_wconf 89' lang='lat' dir='ltr'>biennio</span> <span class='ocrx_word' id='word_1_163' title='bbox 460 2721 538 2775; x_wconf 91' lang='lat' dir='ltr'>ante</span> <span class='ocrx_word' id='word_1_164' title='bbox 559 2710 735 2794; x_wconf 84' lang='lat' dir='ltr'>cogitavit3</span> <span class='ocrx_word' id='word_1_165' title='bbox 754 2711 799 2774; x_wconf 90' lang='lat' dir='ltr'>ita</span> <span class='ocrx_word' id='word_1_166' title='bbox 817 2710 982 2774; x_wconf 90' lang='lat' dir='ltr'>sullaturit</span> <span class='ocrx_word' id='word_1_167' title='bbox 1003 2711 1131 2774; x_wconf 90' lang='lat' dir='ltr'>animus</span> <span class='ocrx_word' id='word_1_168' title='bbox 1151 2712 1222 2774; x_wconf 87' lang='lat' dir='ltr'>eius</span> <span class='ocrx_word' id='word_1_169' title='bbox 1243 2720 1278 2774; x_wconf 89' lang='lat' dir='ltr'>et</span> <span class='ocrx_word' id='word_1_170' title='bbox 1299 2730 1376 2794; x_wconf 92' lang='lat' dir='ltr'>pro-</span> 
     </span>
     <span class='ocr_line' id='line_1_19' title="bbox 176 2814 1374 2897; baseline 0.003 -22"><span class='ocrx_word' id='word_1_171' title='bbox 176 2814 343 2897; x_wconf 91' lang='lat' dir='ltr'>scripturit</span> <span class='ocrx_word' id='word_1_172' title='bbox 368 2816 432 2878; x_wconf 89' lang='lat' dir='ltr'>iam</span> <span class='ocrx_word' id='word_1_173' title='bbox 459 2815 525 2878; x_wconf 89' lang='lat' dir='ltr'>diu.</span> <span class='ocrx_word' id='word_1_174' title='bbox 572 2815 663 2889; x_wconf 92' lang='lat' dir='ltr'>Inde,</span> <span class='ocrx_word' id='word_1_175' title='bbox 688 2825 724 2878; x_wconf 92' lang='lat' dir='ltr'>ut</span> <span class='ocrx_word' id='word_1_176' title='bbox 748 2815 873 2897; x_wconf 90' lang='lat' dir='ltr'>opinor,</span> <span class='ocrx_word' id='word_1_177' title='bbox 896 2835 971 2878; x_wconf 90' lang='lat' dir='ltr'>cum</span> <span class='ocrx_word' id='word_1_178' title='bbox 998 2824 1034 2878; x_wconf 92' lang='lat' dir='ltr'>tu</span> <span class='ocrx_word' id='word_1_179' title='bbox 1059 2816 1102 2878; x_wconf 92' lang='lat' dir='ltr'>ad</span> <span class='ocrx_word' id='word_1_180' title='bbox 1129 2835 1182 2878; x_wconf 87' lang='lat' dir='ltr'>me</span> <span class='ocrx_word' id='word_1_181' title='bbox 1208 2816 1374 2896; x_wconf 85' lang='lat' dir='ltr'>quaedam</span> 
     </span>
     <span class='ocr_line' id='line_1_20' title="bbox 174 2914 1373 3005; baseline 0.002 -26"><span class='ocrx_word' id='word_1_182' title='bbox 174 2919 371 3000; x_wconf 80' lang='grc' dir='ltr'>γενικώτερον</span> <span class='ocrx_word' id='word_1_183' title='bbox 401 2919 585 3003; x_wconf 89' lang='lat' dir='ltr'>scripsisses</span> <span class='ocrx_word' id='word_1_184' title='bbox 612 2927 645 2983; x_wconf 93' lang='lat' dir='ltr'>et</span> <span class='ocrx_word' id='word_1_185' title='bbox 673 2940 735 3002; x_wconf 84' lang='lat' dir='ltr'>ego</span> <span class='ocrx_word' id='word_1_186' title='bbox 760 2919 840 2982; x_wconf 93' lang='lat' dir='ltr'>mihi</span> <span class='ocrx_word' id='word_1_187' title='bbox 865 2942 885 2983; x_wconf 93' lang='lat' dir='ltr'>a</span> <span class='ocrx_word' id='word_1_188' title='bbox 913 2929 946 2983; x_wconf 93' lang='lat' dir='ltr'>te</span> <span class='ocrx_word' id='word_1_189' title='bbox 972 2914 1167 3005; x_wconf 87' lang='lat' dir='ltr'>[quaedam]</span> <span class='ocrx_word' id='word_1_190' title='bbox 1198 2918 1373 3000; x_wconf 84' lang='lat' dir='ltr'>significari</span> 
     </span>
     <span class='ocr_line' id='line_1_21' title="bbox 130 3023 1375 3107; baseline 0.002 -24"><span class='ocrx_word' id='word_1_191' title='bbox 130 3049 161 3084; x_wconf 78' lang='grc' dir='ltr'>ιο</span> <span class='ocrx_word' id='word_1_192' title='bbox 174 3034 352 3105; x_wconf 90' lang='lat' dir='ltr'>putassem,</span> <span class='ocrx_word' id='word_1_193' title='bbox 365 3034 401 3086; x_wconf 93' lang='lat' dir='ltr'>ut</span> <span class='ocrx_word' id='word_1_194' title='bbox 415 3023 511 3087; x_wconf 90' lang='lat' dir='ltr'>ltalia</span> <span class='ocrx_word' id='word_1_195' title='bbox 524 3024 684 3101; x_wconf 88' lang='lat' dir='ltr'>cederem,</span> <span class='ocrx_word' id='word_1_196' title='bbox 696 3025 870 3088; x_wconf 89' lang='lat' dir='ltr'>detestaris</span> <span class='ocrx_word' id='word_1_197' title='bbox 879 3023 943 3089; x_wconf 89' lang='lat' dir='ltr'>hoc</span> <span class='ocrx_word' id='word_1_198' title='bbox 952 3024 1126 3107; x_wconf 85' lang='lat' dir='ltr'>diligenter</span> <span class='ocrx_word' id='word_1_199' title='bbox 1136 3038 1185 3086; x_wconf 84' lang='lat' dir='ltr'>xi.</span> <span class='ocrx_word' id='word_1_200' title='bbox 1196 3024 1240 3086; x_wconf 91' lang='lat' dir='ltr'>K.</span> <span class='ocrx_word' id='word_1_201' title='bbox 1253 3023 1352 3086; x_wconf 90' lang='lat' dir='ltr'>Mart.</span> <span class='ocrx_word' id='word_1_202' title='bbox 1367 3046 1375 3101; x_wconf 91' lang='lat'>;</span> 
     </span>
     <span class='ocr_line' id='line_1_22' title="bbox 174 3126 1373 3211; baseline 0 -21"><span class='ocrx_word' id='word_1_203' title='bbox 174 3133 257 3209; x_wconf 86' lang='lat' dir='ltr'>‘ego</span> <span class='ocrx_word' id='word_1_204' title='bbox 277 3148 356 3191; x_wconf 90' lang='lat' dir='ltr'>vero</span> <span class='ocrx_word' id='word_1_205' title='bbox 379 3127 468 3191; x_wconf 85' lang='lat' dir='ltr'>nulla</span> <span class='ocrx_word' id='word_1_206' title='bbox 491 3126 631 3211; x_wconf 88' lang='lat' dir='ltr'>epistola</span> <span class='ocrx_word' id='word_1_207' title='bbox 649 3128 838 3211; x_wconf 86' lang='lat' dir='ltr'>significavi,</span> <span class='ocrx_word' id='word_1_208' title='bbox 855 3128 882 3191; x_wconf 93' lang='lat' dir='ltr'>si</span> <span class='ocrx_word' id='word_1_209' title='bbox 901 3127 1034 3192; x_wconf 85' lang='lat' dir='ltr'>Gnaeus</span> <span class='ocrx_word' id='word_1_210' title='bbox 1054 3127 1150 3190; x_wconf 88' lang='lat' dir='ltr'>Italia</span> <span class='ocrx_word' id='word_1_211' title='bbox 1177 3128 1316 3205; x_wconf 87' lang='lat' dir='ltr'>cederet,</span> <span class='ocrx_word' id='word_1_212' title='bbox 1335 3136 1373 3190; x_wconf 90' lang='lat' dir='ltr'>ut</span> 
     </span>
     <span class='ocr_line' id='line_1_23' title="bbox 171 3230 1371 3313; baseline 0.001 -19"><span class='ocrx_word' id='word_1_213' title='bbox 171 3241 208 3294; x_wconf 87' lang='lat' dir='ltr'>tu</span> <span class='ocrx_word' id='word_1_214' title='bbox 234 3250 299 3294; x_wconf 91' lang='lat' dir='ltr'>una</span> <span class='ocrx_word' id='word_1_215' title='bbox 322 3231 462 3310; x_wconf 88' lang='lat' dir='ltr'>cederes,</span> <span class='ocrx_word' id='word_1_216' title='bbox 482 3240 549 3309; x_wconf 92' lang='lat' dir='ltr'>aut,</span> <span class='ocrx_word' id='word_1_217' title='bbox 569 3232 601 3295; x_wconf 87' lang='lat' dir='ltr'>si</span> <span class='ocrx_word' id='word_1_218' title='bbox 622 3230 813 3313; x_wconf 88' lang='lat' dir='ltr'>significavi,</span> <span class='ocrx_word' id='word_1_219' title='bbox 831 3252 898 3294; x_wconf 91' lang='lat' dir='ltr'>non</span> <span class='ocrx_word' id='word_1_220' title='bbox 924 3232 1000 3295; x_wconf 92' lang='lat' dir='ltr'>dico</span> <span class='ocrx_word' id='word_1_221' title='bbox 1024 3231 1069 3294; x_wconf 89' lang='lat' dir='ltr'>fui</span> <span class='ocrx_word' id='word_1_222' title='bbox 1093 3232 1289 3308; x_wconf 86' lang='lat' dir='ltr'>inconstans,</span> <span class='ocrx_word' id='word_1_223' title='bbox 1312 3231 1371 3295; x_wconf 88' lang='lat' dir='ltr'>sed</span> 
     </span>
     <span class='ocr_line' id='line_1_24' title="bbox 171 3330 1370 3418; baseline 0.001 -21"><span class='ocrx_word' id='word_1_224' title='bbox 171 3330 326 3399; x_wconf 85' lang='lat' dir='ltr'>demens’</span> <span class='ocrx_word' id='word_1_225' title='bbox 383 3335 422 3398; x_wconf 91' lang='lat' dir='ltr'>In</span> <span class='ocrx_word' id='word_1_226' title='bbox 450 3335 567 3399; x_wconf 90' lang='lat' dir='ltr'>eadem</span> <span class='ocrx_word' id='word_1_227' title='bbox 594 3335 734 3418; x_wconf 90' lang='lat' dir='ltr'>epistola</span> <span class='ocrx_word' id='word_1_228' title='bbox 760 3335 825 3399; x_wconf 91' lang='lat' dir='ltr'>alio</span> <span class='ocrx_word' id='word_1_229' title='bbox 852 3333 945 3400; x_wconf 93' lang='lat' dir='ltr'>loco:</span> <span class='ocrx_word' id='word_1_230' title='bbox 969 3334 1066 3398; x_wconf 90' lang='lat' dir='ltr'>‘nihil</span> <span class='ocrx_word' id='word_1_231' title='bbox 1093 3334 1287 3417; x_wconf 85' lang='lat' dir='ltr'>relinquitur</span> <span class='ocrx_word' id='word_1_232' title='bbox 1308 3336 1370 3398; x_wconf 88' lang='lat' dir='ltr'>nisi</span> 
     </span>
    </p>
   </div>
   <div class='ocr_carea' id='block_1_3' title="bbox 162 3511 1370 5090">
    <p class='ocr_par' dir='ltr' id='par_1_3' title="bbox 162 3511 1370 5090">
     <span class='ocr_line' id='line_1_25' title="bbox 205 3511 1222 3578; baseline 0.004 -19"><span class='ocrx_word' id='word_1_233' title='bbox 205 3526 226 3560; x_wconf 91' lang='lat' dir='ltr'>r.</span> <span class='ocrx_word' id='word_1_234' title='bbox 244 3513 491 3571; x_wconf 52' lang='lat' dir='ltr'>Longinam,</span> <span class='ocrx_word' id='word_1_235' title='bbox 509 3512 538 3559; x_wconf 88' lang='lat' dir='ltr'>‘I</span> <span class='ocrx_word' id='word_1_236' title='bbox 552 3511 624 3561; x_wconf 84' lang='lat' dir='ltr'>think</span> <span class='ocrx_word' id='word_1_237' title='bbox 641 3512 683 3561; x_wconf 88' lang='lat' dir='ltr'>the</span> <span class='ocrx_word' id='word_1_238' title='bbox 699 3527 750 3561; x_wconf 86' lang='lat' dir='ltr'>war</span> <span class='ocrx_word' id='word_1_239' title='bbox 824 3525 863 3576; x_wconf 84' lang='lat'>15.</span> <span class='ocrx_word' id='word_1_240' title='bbox 880 3516 946 3575; x_wconf 85' lang='lat' dir='ltr'>Vos,</span> <span class='ocrx_word' id='word_1_241' title='bbox 959 3513 1222 3578; x_wconf 81' lang='lat' dir='ltr'>‘yonandPompey.&#39;</span> 
     </span>
     <span class='ocr_line' id='line_1_26' title="bbox 169 3576 1370 3644; baseline 0.004 -18"><span class='ocrx_word' id='word_1_242' title='bbox 169 3577 222 3626; x_wconf 84' lang='lat' dir='ltr'>will</span> <span class='ocrx_word' id='word_1_243' title='bbox 234 3579 265 3627; x_wconf 86' lang='lat' dir='ltr'>be</span> <span class='ocrx_word' id='word_1_244' title='bbox 277 3576 429 3642; x_wconf 78' lang='lat' dir='ltr'>prolonged’</span> <span class='ocrx_word' id='word_1_245' title='bbox 441 3578 467 3626; x_wconf 90' lang='lat' dir='ltr'>in</span> <span class='ocrx_word' id='word_1_246' title='bbox 479 3577 553 3642; x_wconf 84' lang='lat' dir='ltr'>Italy.</span> <span class='ocrx_word' id='word_1_247' title='bbox 822 3582 1002 3639; x_wconf 79' lang='lat' dir='ltr'>Dispertitos,</span> <span class='ocrx_word' id='word_1_248' title='bbox 1016 3579 1078 3636; x_wconf 79' lang='lat' dir='ltr'>soll,</span> <span class='ocrx_word' id='word_1_249' title='bbox 1095 3581 1136 3628; x_wconf 90' lang='lat' dir='ltr'>‘in</span> <span class='ocrx_word' id='word_1_250' title='bbox 1148 3580 1258 3629; x_wconf 80' lang='lat' dir='ltr'>different</span> <span class='ocrx_word' id='word_1_251' title='bbox 1275 3579 1370 3644; x_wconf 84' lang='lat' dir='ltr'>places.</span> 
     </span>
     <span class='ocr_line' id='line_1_27' title="bbox 207 3642 1045 3700; baseline 0.002 -10"><span class='ocrx_word' id='word_1_252' title='bbox 207 3657 227 3691; x_wconf 85' lang='lat'>2.</span> <span class='ocrx_word' id='word_1_253' title='bbox 246 3646 293 3691; x_wconf 80' lang='lat' dir='ltr'>Ad</span> <span class='ocrx_word' id='word_1_254' title='bbox 320 3650 464 3699; x_wconf 83' lang='lat' dir='ltr'>posterum</span> <span class='ocrx_word' id='word_1_255' title='bbox 488 3680 495 3693; x_wconf 97' lang='lat'>.</span> <span class='ocrx_word' id='word_1_256' title='bbox 518 3681 524 3693; x_wconf 87' lang='lat'>.</span> <span class='ocrx_word' id='word_1_257' title='bbox 548 3644 688 3700; x_wconf 83' lang='lat' dir='ltr'>existimo,</span> <span class='ocrx_word' id='word_1_258' title='bbox 719 3642 749 3690; x_wconf 82' lang='lat'>‘1</span> <span class='ocrx_word' id='word_1_259' title='bbox 789 3642 1045 3694; x_wconf 87' lang='lat' dir='ltr'>andontbewatch.’</span> 
     </span>
     <span class='ocr_line' id='line_1_28' title="bbox 170 3707 1368 3777; baseline 0.003 -20"><span class='ocrx_word' id='word_1_260' title='bbox 170 3708 242 3757; x_wconf 87' lang='lat' dir='ltr'>think</span> <span class='ocrx_word' id='word_1_261' title='bbox 254 3707 296 3757; x_wconf 87' lang='lat' dir='ltr'>the</span> <span class='ocrx_word' id='word_1_262' title='bbox 307 3709 431 3757; x_wconf 81' lang='lat' dir='ltr'>materials</span> <span class='ocrx_word' id='word_1_263' title='bbox 447 3708 485 3756; x_wconf 83' lang='lat' dir='ltr'>ior</span> <span class='ocrx_word' id='word_1_264' title='bbox 496 3724 511 3755; x_wconf 88' lang='lat' dir='ltr'>a</span> <span class='ocrx_word' id='word_1_265' title='bbox 522 3708 649 3772; x_wconf 84' lang='lat' dir='ltr'>desperate</span> <span class='ocrx_word' id='word_1_266' title='bbox 660 3722 712 3757; x_wconf 82' lang='lat' dir='ltr'>war</span> <span class='ocrx_word' id='word_1_267' title='bbox 723 3715 749 3758; x_wconf 88' lang='lat' dir='ltr'>at</span> <span class='ocrx_word' id='word_1_268' title='bbox 826 3721 861 3773; x_wconf 71' lang='grc' dir='ltr'>ιγ.</span> <span class='ocrx_word' id='word_1_269' title='bbox 881 3714 1003 3760; x_wconf 80' lang='lat' dir='ltr'>Biennio</span> <span class='ocrx_word' id='word_1_270' title='bbox 1015 3717 1087 3760; x_wconf 81' lang='lat' dir='ltr'>ante.</span> <span class='ocrx_word' id='word_1_271' title='bbox 1106 3711 1217 3775; x_wconf 85' lang='lat' dir='ltr'>Pompey</span> <span class='ocrx_word' id='word_1_272' title='bbox 1226 3710 1368 3777; x_wconf 83' lang='lat' dir='ltr'>canhardly</span> 
     </span>
     <span class='ocr_line' id='line_1_29' title="bbox 170 3771 1368 3842; baseline 0.003 -19"><span class='ocrx_word' id='word_1_273' title='bbox 170 3774 259 3823; x_wconf 89' lang='lat' dir='ltr'>alater</span> <span class='ocrx_word' id='word_1_274' title='bbox 269 3775 330 3822; x_wconf 90' lang='lat' dir='ltr'>time</span> <span class='ocrx_word' id='word_1_275' title='bbox 341 3789 381 3822; x_wconf 84' lang='lat' dir='ltr'>are</span> <span class='ocrx_word' id='word_1_276' title='bbox 392 3774 466 3837; x_wconf 79' lang='lat' dir='ltr'>being</span> <span class='ocrx_word' id='word_1_277' title='bbox 478 3771 614 3823; x_wconf 77' lang='lat' dir='ltr'>collected&#39;</span> <span class='ocrx_word' id='word_1_278' title='bbox 788 3772 851 3824; x_wconf 84' lang='lat' dir='ltr'>have</span> <span class='ocrx_word' id='word_1_279' title='bbox 873 3775 981 3826; x_wconf 83' lang='lat' dir='ltr'>loresecn</span> <span class='ocrx_word' id='word_1_280' title='bbox 1011 3777 1053 3825; x_wconf 89' lang='lat' dir='ltr'>the</span> <span class='ocrx_word' id='word_1_281' title='bbox 1075 3784 1146 3826; x_wconf 83' lang='lat' dir='ltr'>exact</span> <span class='ocrx_word' id='word_1_282' title='bbox 1169 3792 1255 3826; x_wconf 83' lang='lat' dir='ltr'>course</span> <span class='ocrx_word' id='word_1_283' title='bbox 1283 3777 1368 3842; x_wconf 76' lang='lat' dir='ltr'>things</span> 
     </span>
     <span class='ocr_line' id='line_1_30' title="bbox 202 3837 1367 3907; baseline 0.004 -20"><span class='ocrx_word' id='word_1_284' title='bbox 202 3837 341 3897; x_wconf 70' lang='grc' dir='ltr'>ἄσπονδον,</span> <span class='ocrx_word' id='word_1_285' title='bbox 354 3839 422 3902; x_wconf 90' lang='lat' dir='ltr'>quite</span> <span class='ocrx_word' id='word_1_286' title='bbox 433 3838 553 3888; x_wconf 83' lang='lat' dir='ltr'>classical.</span> <span class='ocrx_word' id='word_1_287' title='bbox 788 3841 873 3889; x_wconf 87' lang='lat' dir='ltr'>would</span> <span class='ocrx_word' id='word_1_288' title='bbox 885 3843 952 3897; x_wconf 87' lang='lat' dir='ltr'>take,</span> <span class='ocrx_word' id='word_1_289' title='bbox 963 3842 1007 3891; x_wconf 92' lang='lat' dir='ltr'>but</span> <span class='ocrx_word' id='word_1_290' title='bbox 1019 3842 1049 3890; x_wconf 88' lang='lat' dir='ltr'>he</span> <span class='ocrx_word' id='word_1_291' title='bbox 1061 3858 1118 3906; x_wconf 86' lang='lat' dir='ltr'>may</span> <span class='ocrx_word' id='word_1_292' title='bbox 1130 3843 1191 3891; x_wconf 89' lang='lat' dir='ltr'>have</span> <span class='ocrx_word' id='word_1_293' title='bbox 1203 3842 1298 3907; x_wconf 85' lang='lat' dir='ltr'>spoken</span> <span class='ocrx_word' id='word_1_294' title='bbox 1313 3843 1343 3891; x_wconf 82' lang='lat' dir='ltr'>of</span> <span class='ocrx_word' id='word_1_295' title='bbox 1351 3860 1367 3892; x_wconf 88' lang='lat' dir='ltr'>a</span> 
     </span>
     <span class='ocr_line' id='line_1_31' title="bbox 243 3903 1341 3971; baseline 0.004 -19"><span class='ocrx_word' id='word_1_296' title='bbox 243 3907 310 3952; x_wconf 80' lang='lat' dir='ltr'>vn.</span> <span class='ocrx_word' id='word_1_297' title='bbox 323 3907 393 3952; x_wconf 85' lang='lat' dir='ltr'>Idus</span> <span class='ocrx_word' id='word_1_298' title='bbox 405 3907 496 3963; x_wconf 75' lang='lat' dir='ltr'>Febr,</span> <span class='ocrx_word' id='word_1_299' title='bbox 510 3906 516 3930; x_wconf 92' lang='lat'>‘</span> <span class='ocrx_word' id='word_1_300' title='bbox 526 3904 586 3953; x_wconf 90' lang='lat' dir='ltr'>Feb.</span> <span class='ocrx_word' id='word_1_301' title='bbox 600 3903 631 3969; x_wconf 61' lang='lat'>7!</span> <span class='ocrx_word' id='word_1_302' title='bbox 787 3921 839 3955; x_wconf 85' lang='lat' dir='ltr'>war</span> <span class='ocrx_word' id='word_1_303' title='bbox 850 3908 959 3956; x_wconf 83' lang='lat' dir='ltr'>between</span> <span class='ocrx_word' id='word_1_304' title='bbox 973 3907 1033 3956; x_wconf 83' lang='lat' dir='ltr'>East</span> <span class='ocrx_word' id='word_1_305' title='bbox 1044 3908 1093 3955; x_wconf 88' lang='lat' dir='ltr'>and</span> <span class='ocrx_word' id='word_1_306' title='bbox 1106 3908 1174 3957; x_wconf 86' lang='lat' dir='ltr'>Wcst</span> <span class='ocrx_word' id='word_1_307' title='bbox 1185 3923 1213 3956; x_wconf 89' lang='lat' dir='ltr'>as</span> <span class='ocrx_word' id='word_1_308' title='bbox 1225 3907 1341 3971; x_wconf 80' lang='lat' dir='ltr'>possible.</span> 
     </span>
     <span class='ocr_line' id='line_1_32' title="bbox 201 3920 1365 4033; baseline 0.004 -15"><span class='ocrx_word' id='word_1_309' title='bbox 201 3920 225 4018; x_wconf 66' lang='lat' dir='ltr'>d.</span> <span class='ocrx_word' id='word_1_310' title='bbox 244 3973 310 4018; x_wconf 81' lang='lat' dir='ltr'>Non</span> <span class='ocrx_word' id='word_1_311' title='bbox 321 3972 375 4016; x_wconf 87' lang='lat' dir='ltr'>sim</span> <span class='ocrx_word' id='word_1_312' title='bbox 387 3975 492 4030; x_wconf 70' lang='lat' dir='ltr'>auctor,</span> <span class='ocrx_word' id='word_1_313' title='bbox 506 3969 533 4017; x_wconf 88' lang='lat' dir='ltr'>‘I</span> <span class='ocrx_word' id='word_1_314' title='bbox 544 3969 633 4018; x_wconf 88' lang='lat' dir='ltr'>should</span> <span class='ocrx_word' id='word_1_315' title='bbox 649 3978 693 4020; x_wconf 90' lang='lat' dir='ltr'>not</span> <span class='ocrx_word' id='word_1_316' title='bbox 704 3971 748 4019; x_wconf 84' lang='lat' dir='ltr'>ad·</span> <span class='ocrx_word' id='word_1_317' title='bbox 822 3975 974 4021; x_wconf 74' lang='lat' dir='ltr'>sullaturit</span> <span class='ocrx_word' id='word_1_318' title='bbox 995 4009 1001 4021; x_wconf 92' lang='lat'>.</span> <span class='ocrx_word' id='word_1_319' title='bbox 1019 4011 1025 4022; x_wconf 90' lang='lat'>.</span> <span class='ocrx_word' id='word_1_320' title='bbox 1047 3979 1076 4022; x_wconf 83' lang='lat' dir='ltr'>st</span> <span class='ocrx_word' id='word_1_321' title='bbox 1098 3976 1306 4033; x_wconf 75' lang='lat' dir='ltr'>proscripturit,</span> <span class='ocrx_word' id='word_1_322' title='bbox 1327 3974 1365 4023; x_wconf 86' lang='lat' dir='ltr'>‘is</span> 
     </span>
     <span class='ocr_line' id='line_1_33' title="bbox 168 4031 1365 4102; baseline 0.005 -20"><span class='ocrx_word' id='word_1_323' title='bbox 168 4036 219 4085; x_wconf 84' lang='lat' dir='ltr'>vise</span> <span class='ocrx_word' id='word_1_324' title='bbox 239 4031 306 4099; x_wconf 69' lang='lat' dir='ltr'>you!</span> <span class='ocrx_word' id='word_1_325' title='bbox 338 4035 395 4099; x_wconf 83' lang='lat' dir='ltr'>Cp,</span> <span class='ocrx_word' id='word_1_326' title='bbox 413 4051 447 4084; x_wconf 93' lang='lat' dir='ltr'>on</span> <span class='ocrx_word' id='word_1_327' title='bbox 463 4036 505 4084; x_wconf 91' lang='lat' dir='ltr'>the</span> <span class='ocrx_word' id='word_1_328' title='bbox 520 4044 595 4097; x_wconf 80' lang='lat' dir='ltr'>tense,</span> <span class='ocrx_word' id='word_1_329' title='bbox 614 4036 661 4101; x_wconf 89' lang='lat' dir='ltr'>Ep.</span> <span class='ocrx_word' id='word_1_330' title='bbox 681 4050 705 4099; x_wconf 86' lang='lat'>5,</span> <span class='ocrx_word' id='word_1_331' title='bbox 723 4049 745 4098; x_wconf 80' lang='lat'>3,</span> <span class='ocrx_word' id='word_1_332' title='bbox 786 4050 859 4101; x_wconf 80' lang='lat' dir='ltr'>eager</span> <span class='ocrx_word' id='word_1_333' title='bbox 870 4046 897 4086; x_wconf 91' lang='lat' dir='ltr'>to</span> <span class='ocrx_word' id='word_1_334' title='bbox 911 4039 1007 4088; x_wconf 86' lang='lat' dir='ltr'>imitate</span> <span class='ocrx_word' id='word_1_335' title='bbox 1023 4037 1103 4099; x_wconf 83' lang='lat' dir='ltr'>Sulla,</span> <span class='ocrx_word' id='word_1_336' title='bbox 1115 4039 1164 4087; x_wconf 84' lang='lat' dir='ltr'>aad</span> <span class='ocrx_word' id='word_1_337' title='bbox 1181 4045 1208 4088; x_wconf 92' lang='lat' dir='ltr'>to</span> <span class='ocrx_word' id='word_1_338' title='bbox 1223 4047 1307 4102; x_wconf 87' lang='lat' dir='ltr'>repeat</span> <span class='ocrx_word' id='word_1_339' title='bbox 1325 4040 1365 4088; x_wconf 83' lang='lat' dir='ltr'>his</span> 
     </span>
     <span class='ocr_line' id='line_1_34' title="bbox 167 4102 979 4169; baseline 0.002 -19"><span class='ocrx_word' id='word_1_340' title='bbox 167 4109 233 4150; x_wconf 90' lang='lat' dir='ltr'>note.</span> <span class='ocrx_word' id='word_1_341' title='bbox 785 4102 979 4169; x_wconf 72' lang='lat' dir='ltr'>proscriptione!</span> 
     </span>
     <span class='ocr_line' id='line_1_35' title="bbox 202 4167 1367 4231; baseline 0.004 -17"><span class='ocrx_word' id='word_1_342' title='bbox 202 4179 223 4230; x_wconf 81' lang='lat'>7.</span> <span class='ocrx_word' id='word_1_343' title='bbox 243 4169 283 4215; x_wconf 70' lang='lat' dir='ltr'>Te</span> <span class='ocrx_word' id='word_1_344' title='bbox 303 4201 308 4213; x_wconf 94' lang='lat'>.</span> <span class='ocrx_word' id='word_1_345' title='bbox 328 4201 334 4214; x_wconf 93' lang='lat'>.</span> <span class='ocrx_word' id='word_1_346' title='bbox 354 4168 510 4225; x_wconf 73' lang='lat' dir='ltr'>profligare.</span> <span class='ocrx_word' id='word_1_347' title='bbox 544 4167 585 4216; x_wconf 92' lang='lat' dir='ltr'>On</span> <span class='ocrx_word' id='word_1_348' title='bbox 601 4167 643 4217; x_wconf 89' lang='lat' dir='ltr'>the</span> <span class='ocrx_word' id='word_1_349' title='bbox 659 4167 746 4228; x_wconf 84' lang='lat' dir='ltr'>moad,</span> <span class='ocrx_word' id='word_1_350' title='bbox 820 4170 857 4216; x_wconf 87' lang='lat'>18.</span> <span class='ocrx_word' id='word_1_351' title='bbox 875 4173 955 4231; x_wconf 81' lang='lat' dir='ltr'>Inde,</span> <span class='ocrx_word' id='word_1_352' title='bbox 971 4169 1024 4218; x_wconf 84' lang='lat' dir='ltr'>‘sor</span> <span class='ocrx_word' id='word_1_353' title='bbox 1037 4168 1088 4218; x_wconf 87' lang='lat' dir='ltr'>tbis</span> <span class='ocrx_word' id='word_1_354' title='bbox 1104 4168 1209 4231; x_wconf 86' lang='lat' dir='ltr'>reason,&#39;</span> <span class='ocrx_word' id='word_1_355' title='bbox 1221 4170 1326 4220; x_wconf 65' lang='lat' dir='ltr'>beeam</span> <span class='ocrx_word' id='word_1_356' title='bbox 1337 4171 1367 4219; x_wconf 83' lang='lat' dir='ltr'>of</span> 
     </span>
     <span class='ocr_line' id='line_1_36' title="bbox 168 4230 1137 4298; baseline 0.003 -17"><span class='ocrx_word' id='word_1_357' title='bbox 168 4248 206 4297; x_wconf 88' lang='lat' dir='ltr'>cp.</span> <span class='ocrx_word' id='word_1_358' title='bbox 224 4231 309 4280; x_wconf 84' lang='lat' dir='ltr'>Madv.</span> <span class='ocrx_word' id='word_1_359' title='bbox 330 4230 385 4296; x_wconf 80' lang='lat'>396.</span> <span class='ocrx_word' id='word_1_360' title='bbox 418 4232 474 4282; x_wconf 86' lang='lat' dir='ltr'>The</span> <span class='ocrx_word' id='word_1_361' title='bbox 491 4232 644 4296; x_wconf 83' lang='lat' dir='ltr'>conjunctive</span> <span class='ocrx_word' id='word_1_362' title='bbox 661 4234 746 4283; x_wconf 89' lang='lat' dir='ltr'>would</span> <span class='ocrx_word' id='word_1_363' title='bbox 784 4232 825 4283; x_wconf 88' lang='lat' dir='ltr'>the</span> <span class='ocrx_word' id='word_1_364' title='bbox 837 4234 969 4283; x_wconf 76' lang='lat' dir='ltr'>intentioris</span> <span class='ocrx_word' id='word_1_365' title='bbox 980 4236 1010 4284; x_wconf 83' lang='lat' dir='ltr'>ol</span> <span class='ocrx_word' id='word_1_366' title='bbox 1018 4234 1137 4298; x_wconf 83' lang='lat' dir='ltr'>Pompey.</span> 
     </span>
     <span class='ocr_line' id='line_1_37' title="bbox 167 4298 1363 4364; baseline 0.004 -18"><span class='ocrx_word' id='word_1_367' title='bbox 167 4298 278 4346; x_wconf 91' lang='lat' dir='ltr'>bemore</span> <span class='ocrx_word' id='word_1_368' title='bbox 289 4313 412 4347; x_wconf 91' lang='lat' dir='ltr'>common.</span> <span class='ocrx_word' id='word_1_369' title='bbox 447 4299 484 4347; x_wconf 91' lang='lat' dir='ltr'>Ib.</span> <span class='ocrx_word' id='word_1_370' title='bbox 498 4309 544 4362; x_wconf 82' lang='lat'>372</span> <span class='ocrx_word' id='word_1_371' title='bbox 558 4315 580 4347; x_wconf 84' lang='lat' dir='ltr'>a.</span> <span class='ocrx_word' id='word_1_372' title='bbox 819 4312 856 4363; x_wconf 90' lang='lat'>19.</span> <span class='ocrx_word' id='word_1_373' title='bbox 873 4299 1043 4362; x_wconf 72' lang='grc' dir='ltr'>γενικώτερον,</span> <span class='ocrx_word' id='word_1_374' title='bbox 1079 4300 1118 4348; x_wconf 86' lang='lat' dir='ltr'>‘in</span> <span class='ocrx_word' id='word_1_375' title='bbox 1157 4316 1227 4351; x_wconf 90' lang='lat' dir='ltr'>more</span> <span class='ocrx_word' id='word_1_376' title='bbox 1262 4303 1363 4364; x_wconf 82' lang='lat' dir='ltr'>general</span> 
     </span>
     <span class='ocr_line' id='line_1_38' title="bbox 202 4362 1363 4432; baseline 0.005 -21"><span class='ocrx_word' id='word_1_377' title='bbox 202 4367 335 4412; x_wconf 74' lang='lat' dir='ltr'>summo.</span> <span class='ocrx_word' id='word_1_378' title='bbox 350 4397 355 4410; x_wconf 93' lang='lat'>.</span> <span class='ocrx_word' id='word_1_379' title='bbox 367 4366 503 4425; x_wconf 82' lang='lat' dir='ltr'>periculo,</span> <span class='ocrx_word' id='word_1_380' title='bbox 516 4381 549 4415; x_wconf 79' lang='lat' dir='ltr'>so</span> <span class='ocrx_word' id='word_1_381' title='bbox 564 4362 638 4424; x_wconf 84' lang='lat' dir='ltr'>&#39;tuo,’</span> <span class='ocrx_word' id='word_1_382' title='bbox 650 4365 691 4414; x_wconf 84' lang='lat' dir='ltr'>‘at</span> <span class='ocrx_word' id='word_1_383' title='bbox 701 4363 744 4415; x_wconf 84' lang='lat' dir='ltr'>the</span> <span class='ocrx_word' id='word_1_384' title='bbox 782 4363 873 4414; x_wconf 79' lang='lat' dir='ltr'>terms&#39;</span> <span class='ocrx_word' id='word_1_385' title='bbox 890 4364 967 4415; x_wconf 86' lang='lat' dir='ltr'>Orell.</span> <span class='ocrx_word' id='word_1_386' title='bbox 985 4366 1032 4416; x_wconf 87' lang='lat' dir='ltr'>See</span> <span class='ocrx_word' id='word_1_387' title='bbox 1044 4366 1092 4432; x_wconf 90' lang='lat' dir='ltr'>Ep.</span> <span class='ocrx_word' id='word_1_388' title='bbox 1104 4377 1128 4432; x_wconf 84' lang='lat'>7,</span> <span class='ocrx_word' id='word_1_389' title='bbox 1141 4380 1163 4428; x_wconf 88' lang='lat' dir='ltr'>a,</span> <span class='ocrx_word' id='word_1_390' title='bbox 1175 4374 1233 4417; x_wconf 90' lang='lat' dir='ltr'>note</span> <span class='ocrx_word' id='word_1_391' title='bbox 1245 4381 1277 4415; x_wconf 91' lang='lat' dir='ltr'>on</span> <span class='ocrx_word' id='word_1_392' title='bbox 1288 4382 1312 4431; x_wconf 89' lang='lat' dir='ltr'>p.</span> <span class='ocrx_word' id='word_1_393' title='bbox 1322 4369 1363 4431; x_wconf 86' lang='lat'>48,</span> 
     </span>
     <span class='ocr_line' id='line_1_39' title="bbox 166 4428 836 4496; baseline 0.004 -18"><span class='ocrx_word' id='word_1_394' title='bbox 166 4436 272 4495; x_wconf 77' lang='lat' dir='ltr'>greatest</span> <span class='ocrx_word' id='word_1_395' title='bbox 284 4428 334 4477; x_wconf 86' lang='lat' dir='ltr'>risk</span> <span class='ocrx_word' id='word_1_396' title='bbox 344 4436 372 4479; x_wconf 91' lang='lat' dir='ltr'>to</span> <span class='ocrx_word' id='word_1_397' title='bbox 383 4428 506 4494; x_wconf 83' lang='lat' dir='ltr'>yourselr&#39;.¹</span> <span class='ocrx_word' id='word_1_398' title='bbox 783 4429 799 4481; x_wconf 94' lang='lat' dir='ltr'>l.</span> <span class='ocrx_word' id='word_1_399' title='bbox 812 4445 836 4496; x_wconf 90' lang='lat'>9.</span> 
     </span>
     <span class='ocr_line' id='line_1_40' title="bbox 197 4491 1093 4612; baseline 0.003 -4"><span class='ocrx_word' id='word_1_400' title='bbox 197 4491 541 4611; x_wconf 67' lang='lat' dir='ltr'>antennas</span> <span class='ocrx_word' id='word_1_401' title='bbox 572 4495 693 4561; x_wconf 61' lang='lat' dir='ltr'>n...</span> <span class='ocrx_word' id='word_1_402' title='bbox 706 4509 743 4560; x_wconf 61' lang='grc' dir='ltr'>ν</span> <span class='ocrx_word' id='word_1_403' title='bbox 782 4499 882 4612; x_wconf 73' lang='lat' dir='ltr'>..n</span> <span class='ocrx_word' id='word_1_404' title='bbox 896 4495 1364 4561; x_wconf 80' lang='lat'>...</span> 
     </span>
     <span class='ocr_line' id='line_1_41' title="bbox 199 4578 1362 4694; baseline 0.005 -20"><span class='ocrx_word' id='word_1_405' title='bbox 199 4626 743 4690; x_wconf 73' lang='lat' dir='ltr'>12.nugsmn0†aoam,‘afflght,whtch</span> <span class='ocrx_word' id='word_1_406' title='bbox 817 4642 855 4676; x_wconf 78' lang='grc' dir='ltr'>το.</span> <span class='ocrx_word' id='word_1_407' title='bbox 874 4632 1031 4677; x_wconf 82' lang='lat' dir='ltr'>Detestaris</span> <span class='ocrx_word' id='word_1_408' title='bbox 1055 4579 1091 4678; x_wconf 65' lang='grc' dir='ltr'>,Ρ</span> <span class='ocrx_word' id='word_1_409' title='bbox 1110 4578 1270 4688; x_wconf 58' lang='lat' dir='ltr'>tilingius,</span> <span class='ocrx_word' id='word_1_410' title='bbox 1295 4631 1362 4694; x_wconf 88' lang='lat' dir='ltr'>‘you</span> 
     </span>
     <span class='ocr_line' id='line_1_42' title="bbox 164 4691 1254 4759; baseline 0.005 -20"><span class='ocrx_word' id='word_1_411' title='bbox 164 4691 248 4741; x_wconf 80' lang='lat' dir='ltr'>would</span> <span class='ocrx_word' id='word_1_412' title='bbox 260 4691 326 4742; x_wconf 89' lang='lat' dir='ltr'>shew</span> <span class='ocrx_word' id='word_1_413' title='bbox 337 4708 399 4756; x_wconf 87' lang='lat' dir='ltr'>your</span> <span class='ocrx_word' id='word_1_414' title='bbox 410 4693 506 4756; x_wconf 82' lang='lat' dir='ltr'>loyalty</span> <span class='ocrx_word' id='word_1_415' title='bbox 516 4700 543 4741; x_wconf 91' lang='lat' dir='ltr'>to</span> <span class='ocrx_word' id='word_1_416' title='bbox 555 4691 683 4756; x_wconf 86' lang='lat' dir='ltr'>Pompey.&#39;</span> <span class='ocrx_word' id='word_1_417' title='bbox 781 4707 823 4743; x_wconf 92' lang='lat' dir='ltr'>are</span> <span class='ocrx_word' id='word_1_418' title='bbox 834 4694 925 4743; x_wconf 84' lang='lat' dir='ltr'>oarelnl</span> <span class='ocrx_word' id='word_1_419' title='bbox 936 4702 963 4744; x_wconf 90' lang='lat' dir='ltr'>to</span> <span class='ocrx_word' id='word_1_420' title='bbox 976 4701 1068 4758; x_wconf 87' lang='lat' dir='ltr'>protest</span> <span class='ocrx_word' id='word_1_421' title='bbox 1080 4696 1176 4759; x_wconf 82' lang='lat' dir='ltr'>against</span> <span class='ocrx_word' id='word_1_422' title='bbox 1187 4693 1254 4744; x_wconf 68' lang='lat' dir='ltr'>this·</span> 
     </span>
     <span class='ocr_line' id='line_1_43' title="bbox 197 4755 1360 4828; baseline 0.005 -22"><span class='ocrx_word' id='word_1_423' title='bbox 197 4760 331 4807; x_wconf 83' lang='lat' dir='ltr'>Desidem</span> <span class='ocrx_word' id='word_1_424' title='bbox 341 4759 363 4806; x_wconf 88' lang='lat' dir='ltr'>is</span> <span class='ocrx_word' id='word_1_425' title='bbox 374 4758 415 4806; x_wconf 88' lang='lat' dir='ltr'>Ka</span> <span class='ocrx_word' id='word_1_426' title='bbox 432 4755 640 4822; x_wconf 81' lang='lat' dir='ltr'>ser&#39;ssuggestion</span> <span class='ocrx_word' id='word_1_427' title='bbox 652 4758 690 4806; x_wconf 82' lang='lat' dir='ltr'>lor</span> <span class='ocrx_word' id='word_1_428' title='bbox 700 4755 743 4807; x_wconf 89' lang='lat' dir='ltr'>the</span> <span class='ocrx_word' id='word_1_429' title='bbox 816 4772 854 4809; x_wconf 80' lang='lat' dir='ltr'>aa.</span> <span class='ocrx_word' id='word_1_430' title='bbox 882 4764 949 4809; x_wconf 81' lang='lat' dir='ltr'>Non</span> <span class='ocrx_word' id='word_1_431' title='bbox 976 4763 1140 4810; x_wconf 82' lang='lat' dir='ltr'>dioo=⁴non</span> <span class='ocrx_word' id='word_1_432' title='bbox 1174 4758 1267 4810; x_wconf 87' lang='lat' dir='ltr'>modo.&#39;</span> <span class='ocrx_word' id='word_1_433' title='bbox 1311 4763 1360 4828; x_wconf 90' lang='lat' dir='ltr'>Cp.</span> 
     </span>
     <span class='ocr_line' id='line_1_44' title="bbox 164 4775 1036 4889; baseline 0.002 -18"><span class='ocrx_word' id='word_1_434' title='bbox 164 4823 219 4872; x_wconf 90' lang='lat' dir='ltr'>MS.</span> <span class='ocrx_word' id='word_1_435' title='bbox 229 4831 235 4850; x_wconf 84' lang='lat'><strong>¹</strong></span> <span class='ocrx_word' id='word_1_436' title='bbox 245 4821 392 4872; x_wconf 68' lang='lat' dir='ltr'>delendam!</span> <span class='ocrx_word' id='word_1_437' title='bbox 410 4775 451 4873; x_wconf 65' lang='lat' dir='ltr'>Me</span> <span class='ocrx_word' id='word_1_438' title='bbox 458 4823 512 4872; x_wconf 84' lang='lat' dir='ltr'>also</span> <span class='ocrx_word' id='word_1_439' title='bbox 519 4821 742 4887; x_wconf 83' lang='lat' dir='ltr'>suggests‘citam&#39;</span> <span class='ocrx_word' id='word_1_440' title='bbox 782 4824 881 4888; x_wconf 89' lang='lat' dir='ltr'>Zumpt,</span> <span class='ocrx_word' id='word_1_441' title='bbox 893 4825 921 4873; x_wconf 94' lang='lat' dir='ltr'>L.</span> <span class='ocrx_word' id='word_1_442' title='bbox 935 4825 967 4873; x_wconf 90' lang='lat' dir='ltr'>G.</span> <span class='ocrx_word' id='word_1_443' title='bbox 981 4835 1036 4889; x_wconf 84' lang='lat'>724.</span> 
     </span>
     <span class='ocr_line' id='line_1_45' title="bbox 163 4887 1193 4952; baseline 0.005 -16"><span class='ocrx_word' id='word_1_444' title='bbox 163 4890 203 4937; x_wconf 81' lang='lat' dir='ltr'>for</span> <span class='ocrx_word' id='word_1_445' title='bbox 221 4887 327 4948; x_wconf 72' lang='lat' dir='ltr'>‘fidam’</span> <span class='ocrx_word' id='word_1_446' title='bbox 342 4889 386 4937; x_wconf 88' lang='lat' dir='ltr'>but</span> <span class='ocrx_word' id='word_1_447' title='bbox 405 4889 447 4938; x_wconf 91' lang='lat' dir='ltr'>the</span> <span class='ocrx_word' id='word_1_448' title='bbox 465 4888 539 4938; x_wconf 83' lang='lat' dir='ltr'>latter</span> <span class='ocrx_word' id='word_1_449' title='bbox 555 4890 577 4937; x_wconf 88' lang='lat' dir='ltr'>is</span> <span class='ocrx_word' id='word_1_450' title='bbox 595 4889 742 4952; x_wconf 82' lang='lat' dir='ltr'>apparently</span> <span class='ocrx_word' id='word_1_451' title='bbox 813 4893 990 4951; x_wconf 74' lang='lat' dir='ltr'>haonstsns,</span> <span class='ocrx_word' id='word_1_452' title='bbox 1002 4889 1193 4941; x_wconf 77' lang='lat' dir='ltr'>‘inconsistent&#39;</span> 
     </span>
     <span class='ocr_line' id='line_1_46' title="bbox 162 4953 1361 5024; baseline 0.005 -21"><span class='ocrx_word' id='word_1_453' title='bbox 162 4954 205 5004; x_wconf 88' lang='lat' dir='ltr'>the</span> <span class='ocrx_word' id='word_1_454' title='bbox 223 4953 278 5005; x_wconf 89' lang='lat' dir='ltr'>MS.</span> <span class='ocrx_word' id='word_1_455' title='bbox 297 4953 409 5019; x_wconf 77' lang='lat' dir='ltr'>reading,</span> <span class='ocrx_word' id='word_1_456' title='bbox 426 4954 477 5004; x_wconf 90' lang='lat' dir='ltr'>and</span> <span class='ocrx_word' id='word_1_457' title='bbox 494 4955 563 5019; x_wconf 83' lang='lat' dir='ltr'>gives</span> <span class='ocrx_word' id='word_1_458' title='bbox 582 4969 597 5003; x_wconf 85' lang='lat' dir='ltr'>a</span> <span class='ocrx_word' id='word_1_459' title='bbox 619 4954 741 5005; x_wconf 86' lang='lat' dir='ltr'>tolerable</span> <span class='ocrx_word' id='word_1_460' title='bbox 816 4968 853 5016; x_wconf 79' lang='lat'>²3·</span> <span class='ocrx_word' id='word_1_461' title='bbox 872 4959 939 5005; x_wconf 77' lang='lat' dir='ltr'>Alio</span> <span class='ocrx_word' id='word_1_462' title='bbox 956 4960 1027 5016; x_wconf 85' lang='lat'>1000,</span> <span class='ocrx_word' id='word_1_463' title='bbox 1043 4973 1076 5007; x_wconf 88' lang='lat' dir='ltr'>se.</span> <span class='ocrx_word' id='word_1_464' title='bbox 1100 4955 1218 5007; x_wconf 67' lang='lat' dir='ltr'>‘acribia’</span> <span class='ocrx_word' id='word_1_465' title='bbox 1251 4957 1309 5024; x_wconf 84' lang='lat' dir='ltr'>Cp,</span> <span class='ocrx_word' id='word_1_466' title='bbox 1327 4974 1361 5009; x_wconf 89' lang='lat' dir='ltr'>on</span> 
     </span>
     <span class='ocr_line' id='line_1_47' title="bbox 162 5018 1174 5090; baseline 0.003 -22"><span class='ocrx_word' id='word_1_467' title='bbox 162 5034 239 5071; x_wconf 88' lang='lat' dir='ltr'>sense.</span> <span class='ocrx_word' id='word_1_468' title='bbox 780 5018 823 5072; x_wconf 86' lang='lat' dir='ltr'>the</span> <span class='ocrx_word' id='word_1_469' title='bbox 833 5021 930 5090; x_wconf 87' lang='lat' dir='ltr'>ellipse,</span> <span class='ocrx_word' id='word_1_470' title='bbox 943 5022 990 5088; x_wconf 89' lang='lat' dir='ltr'>Ep.</span> <span class='ocrx_word' id='word_1_471' title='bbox 1005 5036 1042 5086; x_wconf 82' lang='lat'>15,</span> <span class='ocrx_word' id='word_1_472' title='bbox 1058 5030 1174 5086; x_wconf 84' lang='lat' dir='ltr'>10,note.</span> 
     </span>
    </p>
   </div>
   <div class='ocr_carea' id='block_1_4' title="bbox 0 0 1520 5542">
    <p class='ocr_par' dir='ltr' id='par_1_4' title="bbox 0 0 1520 5542">
     <span class='ocr_line' id='line_1_48' title="bbox 0 0 1520 5542; baseline 0 10"><span class='ocrx_word' id='word_1_473' title='bbox 0 0 1520 5542; x_wconf 95' lang='lat' dir='ltr'> </span> 
     </span>
    </p>
   </div>
  </div>
 </body>
</html>
