3052 5026
155 384 203 430 ar.
223 367 311 451 147.]
474 371 540 432 ΑΙ)
561 369 860 433 FAMILIARES
879 372 964 436 XII.
990 389 1039 434 10.
1292 373 1356 451 609

155 539 246 605 cules
260 539 368 606 habeo
385 539 544 606 cariorem
566 541 866 626 sollicitudinesque
890 563 982 607 meas
1003 542 1152 627 quotidie
1175 540 1281 626 magis
1297 552 1354 607 tua

157 645 274 708 merita
286 655 461 722 exacuunt,
471 666 513 709 ne
530 646 610 729 quid
622 658 680 710 aut
696 667 739 709 ex
751 666 864 712 amore
874 657 932 711 aut
945 668 988 710 ex
1000 646 1119 712 iudicio
1132 656 1191 710 tuo
1204 647 1355 730 perdam.

158 748 250 830 Opto
273 759 310 812 ut
333 749 413 813 mihi
436 749 535 814 liceat
557 751 623 815 iam
646 751 810 834 praesenti
836 752 961 833 pietate
992 771 1142 815 meorum
1171 750 1355 815 officiorum

157 863 216 915 tua
232 850 391 917 beneficia
405 854 465 918 tibi
481 853 588 919 lacere
608 855 807 920 iucundiora.
837 868 916 917 VIII.
939 855 1018 920 Idus
1035 856 1105 919 Iun.
1124 854 1296 933 Cularone,
1312 876 1357 918 ex

157 952 280 1020 finibus
302 955 535 1041 Allobrogum.
1372 984 1386 1034 5

389 1132 460 1194 147.
512 1128 545 1198 T
540 1152 560 1198 0
586 1128 622 1199 C.
640 1128 780 1200 Cassius
794 1130 867 1219 (Ad
884 1134 975 1198 Fam.
992 1135 1049 1200 xii.
1068 1133 1130 1222 ιο).

510 1269 603 1331 Rour,
621 1269 701 1334 Jusr,
718 1284 751 1333 43
768 1280 826 1319 ac.
844 1269 901 1333 (7¹1
921 1271 1010 1335 auc.)

196 1397 217 1433 1.
233 1383 344 1449 Lepidus
359 1384 406 1435 has
420 1386 481 1436 been
496 1385 610 1436 declared
624 1402 640 1435 a
654 1387 739 1451 public
753 1401 841 1451 enemy
851 1388 886 1451 by
895 1385 937 1435 the
954 1394 1043 1437 senate.
1077 1386 1125 1437 We
1137 1386 1199 1436 hear
1211 1386 1280 1452 good
1293 1398 1360 1436 news

161 1462 238 1512 about
250 1463 393 1525 Dolabella,
428 1479 449 1513 a.
466 1466 516 1514 and
532 1465 598 1530 hope
615 1465 669 1515 that
685 1482 735 1530 you
751 1481 793 1515 are
809 1466 911 1529 coming
926 1472 953 1515 to
965 1466 1032 1529 Italy
1045 1465 1106 1516 with
1122 1482 1185 1530 your
1200 1481 1278 1530 army.
1312 1466 1361 1514 We

161 1540 224 1590 wish
235 1549 262 1590 to
273 1540 333 1590 hear
343 1550 387 1592 not
398 1543 457 1606 only
469 1543 498 1593 ol
505 1559 567 1606 your
577 1543 661 1592 efforts
672 1543 717 1593 but
729 1544 758 1592 oi
765 1545 829 1593 their
840 1543 938 1604 rcrrrltr,
949 1544 998 1592 and
1033 1557 1055 1605 3.
1073 1559 1114 1593 are
1131 1553 1196 1595 most
1207 1545 1311 1594 anxious
1322 1544 1361 1593 ior

160 1634 223 1683 your
234 1635 354 1683 presence.
388 1621 442 1670 Our
452 1636 549 1671 success
563 1637 615 1670 was
629 1637 713 1671 secure
724 1620 774 1670 had
786 1627 829 1670 not
842 1621 952 1686 Lepidus
962 1622 1035 1686 giren
1048 1622 1150 1686 Autony
1162 1638 1178 1671 a
1188 1621 1278 1686 refuge
1313 1622 1362 1671 We

161 1698 224 1747 hare
235 1705 305 1762 great
316 1698 394 1763 hopes
405 1699 458 1749 that
469 1698 512 1748 the
523 1699 623 1749 consula
633 1699 696 1749 elect
707 1715 764 1763 may
777 1714 886 1763 prosper.
896 1700 940 1748 but
973 1715 996 1762 ⁴·
1013 1699 1048 1748 all
1060 1701 1138 1763 really
1148 1700 1257 1764 depende
1268 1715 1300 1749 on
1312 1715 1361 1764 you

161 1776 209 1826 and
225 1791 259 1826 on
273 1776 309 1826 M.
322 1777 428 1838 Brutus;
445 1793 483 1828 we
499 1777 565 1827 shall
579 1778 642 1827 need
655 1793 717 1842 your
732 1777 775 1826 aid
791 1793 853 1827 even
869 1777 891 1826 is
901 1792 939 1827 we
953 1792 1062 1844 conquer
1075 1794 1121 1828 our
1135 1779 1244 1829 enemies
1257 1778 1362 1828 without

161 1870 218 1918 yon.

577 1946 709 1996 CICERO
732 1944 852 1995 CASSIO
875 1944 947 1995 SAL

136 2082 151 2127 1
209 2063 364 2148 Lepidus,
380 2073 456 2128 tuus
477 2063 607 2139 adfinis,
622 2084 714 2128 meus
737 2062 915 2140 familiaris,
937 2085 985 2147 pr.
1010 2062 1053 2126 K.
1078 2064 1262 2147 Quinctiles
1285 2085 1363 2128 sen-

165 2169 276 2232 tentiis
298 2169 449 2233 omnibus
472 2169 576 2232 hostis
598 2189 619 2231 a
640 2178 755 2232 senatu
776 2167 940 2231 iudicatus
962 2175 1013 2232 est
1035 2169 1209 2250 ceterique,
1226 2169 1282 2250 qui
1298 2189 1362 2231 una

166 2291 241 2335 cum
254 2271 310 2335 illo
323 2293 344 2335 a
354 2293 389 2336 re
400 2270 533 2355 publica
543 2271 733 2337 defecerunt
744 2296 752 2348 3
773 2271 894 2355 quibus
907 2280 1019 2335 tamen
1029 2273 1072 2336 ad
1082 2274 1258 2336 sanitatem
1271 2272 1363 2335 rede-

166 2374 246 2438 undi
267 2385 345 2439 ante
367 2374 409 2439 K.
425 2374 518 2458 Sept.
530 2385 677 2459 potestas
700 2374 786 2439 sacta
810 2385 870 2439 est.
917 2374 1025 2439 Fortis
1046 2396 1125 2439 sane
1147 2386 1289 2450 senatus,
1305 2374 1363 2439 sed

167 2479 314 2542 maxime
329 2499 389 2562 spe
403 2479 542 2543 subsidii
564 2479 623 2543 tui.
669 2477 799 2542 Bellum
822 2480 966 2562 quidem,
977 2499 1052 2543 cum
1072 2478 1154 2544 haec
1168 2480 1364 2555 scribebam,
1381 2510 1411 2546 10

166 2602 246 2646 sane
261 2603 419 2666 magnum
435 2593 506 2648 erat
521 2583 644 2648 scelere
658 2595 691 2648 et
708 2583 844 2647 levitate
865 2583 992 2667 Lepidi.
1040 2583 1111 2647 Nos
1126 2585 1169 2647 de
1188 2581 1365 2647 Dolabella

168 2687 325 2768 quotidie,
342 2708 428 2769 quae
441 2687 605 2762 volumus,
617 2688 780 2762 audimus,
792 2688 850 2750 sed
865 2686 974 2751 adhuc
989 2687 1059 2750 sine
1074 2688 1192 2769 capite,
1204 2687 1275 2750 sine
1289 2706 1366 2749 auc·

137 2805 155 2851 a
169 2799 250 2866 tore,
260 2811 389 2855 rumore
401 2791 525 2854 nuntio.
571 2790 670 2873 Quod
682 2811 757 2854 cum
773 2793 820 2855 ita
836 2799 930 2865 esset,
941 2801 1052 2855 tamen
1068 2790 1186 2855 litteris
1198 2791 1272 2865 tuis,
1283 2810 1364 2872 quas

169 2893 277 2956 Nonis
287 2894 386 2957 Maiis
398 2914 441 2957 ex
451 2895 566 2959 castris
578 2896 674 2959 datas
689 2914 930 2978 acceperamus
941 2894 988 2958 ita
999 2914 1190 2976 persuasum
1203 2903 1273 2957 erat
1289 2893 1365 2956 civi·

168 2997 239 3075 tati,
255 3006 292 3060 ut
316 2994 407 3060 illum
431 2997 496 3060 iam
521 3018 716 3081 oppressum
740 3018 856 3061 omnes
882 2998 1125 3075 arbitrarentur,
1141 3006 1175 3060 te
1197 3006 1309 3060 autem
1333 2996 1366 3058 in
1383 3015 1413 3065 15

170 3101 302 3165 Italiam
326 3103 436 3165 venire
463 3121 538 3164 cum
563 3103 721 3179 exercitu,
744 3112 790 3180 ut,
812 3102 840 3165 si
864 3101 945 3166 haec
968 3121 1012 3165 ex
1034 3102 1196 3164 sententia
1219 3099 1368 3165 confecta

204 3254 570 3318 a.'1ilxaeunnt,‘stimnlate.’
792 3258 837 3323 ing
855 3258 909 3307 that
928 3257 978 3307 this
996 3257 1058 3307 does
1075 3264 1120 3307 not
1141 3256 1241 3306 include
1260 3256 1369 3322 lepidus

197 3328 357 3374 Bxiudioio
366 3323 475 3382 tuo,‘of
480 3339 542 3385 your
549 3320 744 3388 goodopinion‚’
792 3323 900 3373 mmselt

172 3386 384 3440 ‘consideration'
417 3389 520 3439 Billerb.
828 3391 992 3449 Sanitatem,
1008 3386 1368 3446 ‘bonammentem,’‘rectum

205 3468 227 3517 3.
247 3457 394 3504 Praesenti
409 3459 532 3512 pietate.
546 3489 552 3502 .
564 3456 741 3511 iucundiora,
793 3452 940 3514 consilinm,'
954 3455 984 3502 ‘a
995 3455 1074 3503 sound
1085 3462 1149 3504 state
1160 3455 1188 3503 oi
1195 3449 1283 3502 mind.'
1309 3452 1368 3501 For·

172 3523 214 3570 ‘to
226 3521 299 3569 make
310 3535 371 3584 your
381 3520 486 3569 services
497 3535 566 3569 more
576 3520 706 3584 agreeable
717 3527 744 3568 to
795 3520 851 3570 cell.

172 3584 238 3650 you,’
251 3586 293 3635 ie.
305 3593 333 3635 to
344 3585 418 3635 make
433 3601 483 3648 yon
501 3601 517 3634 a
533 3593 614 3634 return
628 3586 667 3634 lor
683 3600 747 3649 your
831 3598 869 3634 ιο.
896 3588 1060 3635 scribebam
1082 3620 1089 3633 .
1112 3621 1120 3635 .
1144 3590 1211 3644 arat,
1235 3583 1370 3649 epistolary

171 3652 316 3702 services-‘
324 3651 358 3714 by
377 3650 492 3701 affection
513 3649 600 3700 shown
627 3651 653 3700 in
674 3650 747 3699 kind·
795 3657 884 3700 tenses.

171 3732 253 3767 nesses
264 3718 329 3766 done
340 3726 366 3766 at
379 3715 474 3766 Rome)
831 3729 870 3765 11.
888 3719 930 3765 De
938 3718 1095 3766 Dolabella:
1107 3732 1146 3781 cp.
1155 3715 1215 3765 Intr.
1228 3722 1255 3764 to
1267 3715 1325 3762 Part
1334 3713 1367 3773 V,

205 3798 229 3845 4
247 3786 401 3832 Cularone:
424 3797 465 3832 see
481 3788 541 3833 note
558 3788 585 3831 st
601 3781 647 3843 ‚the
664 3782 748 3846 begin·
800 3786 873 3840 §203
891 3781 1025 3846 Appendix
1033 3780 1066 3828 xi.
1078 3795 1116 3830 ro.
1151 3777 1373 3829 Fromaletterol

172 3849 232 3912 ning
244 3848 273 3898 ol
281 3848 331 3897 thia
343 3848 423 3897 letter.
799 3847 907 3901 Cassius.
919 3863 934 3895 a
948 3854 1070 3922 quaestor,
1083 3854 1110 3896 to
1125 3847 1214 3896 Cicero
1227 3846 1281 3907 (Ad
1298 3845 1369 3893 Fam.

798 3926 835 3960 12.
850 3926 887 3974 13,
904 3914 939 3973 4),
957 3921 977 3960 rt
988 3911 1073 3961 would
1089 3927 1155 3960 seem
1173 3912 1228 3960 that
1244 3911 1370 3959 Laodicea

206 3979 229 4028 6.
247 3982 325 4027 Tuus
333 3981 444 4028 adfinia.
461 3978 570 4042 Lepidus
579 3977 629 4027 had
641 3978 747 4027 married
796 3994 847 4027 was
858 3978 968 4027 invested
979 3978 1056 4026 about
1067 3978 1131 4041 June
1146 3989 1181 4038 13.

173 4044 254 4103 Iunia,
270 4044 318 4092 and
336 4044 438 4094 Cassius
454 4044 526 4093 Iunia
539 4043 747 4094 Tertulla-both
832 4056 869 4091 ra.
888 4046 1067 4103 stneoanite,
1079 4042 1200 4092 ‘without
1211 4058 1259 4104 any
1269 4041 1371 4091 definite

173 4111 306 4173 daughters
317 4110 345 4158 ol
358 4110 392 4159 D.
403 4110 511 4169 Silanus,
523 4125 574 4160 cos
585 4108 616 4157 62
632 4120 654 4157 u.
662 4121 685 4158 c.
697 4108 747 4157 and
796 4107 897 4159 source)
931 4107 1044 4171 ‘Caput'
1056 4128 1079 4148 ι
1091 4108 1179 4171 ‘origo
1194 4108 1259 4156 unde
1274 4106 1372 4172 aliquid

173 4175 203 4225 ol
213 4175 386 4235 Servilia,and
401 4175 545 4225 hall-sistam
558 4175 587 4225 oi
601 4175 637 4224 M.
650 4176 746 4224 Brutus.
796 4182 882 4223 manat
897 4180 921 4223 et
937 4174 988 4222 exit
1003 4174 1030 4222 in
1046 4172 1150 4237 vulgos)
1184 4172 1289 4223 Foreell.
1322 4173 1370 4236 Cp.

174 4242 222 4306 Cp.
235 4240 277 4290 Ad
288 4241 341 4290 Art.
356 4254 394 4303 14
408 4254 493 4301 ao,a;
513 4241 581 4291 Dion
595 4241 747 4302 Cassius44.
798 4241 846 4289 Pro
867 4240 952 4288 Plane.
971 4251 1009 4301 ²³·
1027 4250 1058 4302 57
1084 4239 1121 4287 ‘si
1140 4239 1200 4303 qnid
1218 4239 1270 4288 sine
1288 4239 1371 4302 capite

175 4320 223 4369 343
241 4306 306 4355 Vell.
316 4321 337 4354 π.
346 4308 384 4356 88.
407 4307 484 4356 Their
495 4306 594 4356 brother
605 4306 641 4355 M.
649 4306 748 4355 Silanus
797 4302 924 4354 manabit!

174 4373 220 4421 has
237 4371 299 4420 been
316 4372 459 4421 mentioned
475 4372 523 4436 Ep.
538 4386 592 4435 135,
607 4384 638 4431 1;
654 4371 685 4421 he
696 4385 748 4419 was
833 4384 871 4431 ¹3·
889 4372 1008 4421 Litterla
1019 4371 1092 4419 tuin:
1109 4369 1156 4433 Ep.
1170 4369 1224 4430 138.

175 4436 262 4488 consul
277 4451 305 4500 ²5
319 4449 372 4487 rac.
835 4436 872 4485 16.
891 4439 979 4498 Haeo,
998 4436 1056 4486 'the
1070 4450 1122 4484 war
1133 4434 1194 4485 with
1210 4433 1313 4496 Autony
1324 4431 1373 4481 end

207 4504 230 4552 8.
248 4506 367 4560 Quibus.
385 4503 478 4569 Iagree
487 4502 549 4552 with
556 4501 749 4552 Wiel.inthinlr-
799 4499 924 4566 lepidus.¹

747 4599 803 4648 Rl'
