3030 5542
189 392 251 455 234
534 380 583 439 M.
611 378 772 438 TULLII
795 377 1049 439 CICERONIS
1241 376 1334 458 [runt
1351 393 1388 436 11.

186 557 237 620 sit.
288 556 354 620 Sed
380 552 492 622 omnia
518 565 641 620 metuo.
694 555 770 621 Etsi
795 554 919 619 bellum
946 553 1174 635 ἆκροτελεῦτιον
1199 553 1302 619 habet
1329 555 1389 620 illa

187 669 245 724 tua
268 659 416 743 epistola,
441 680 541 744 quam
568 659 690 725 dedisti
714 679 877 724 nauseans
901 658 1084 723 Buthroto:
1108 658 1198 734 ‘tibi,
1224 668 1260 723 ut
1286 660 1387 725 video

187 772 221 828 et
236 785 343 847 spero,
358 763 447 830 nulla
461 766 504 829 ad
520 765 747 830 decedendum
763 762 875 829 mora'
921 761 1059 826 Mallem
1075 767 1132 826 ‘ut
1146 760 1280 839 video;'
1305 764 1388 830 nihil

187 888 271 951 opus
292 867 354 932 fuit
377 876 431 932 ‘ut
456 866 574 952 spero'
629 867 834 952 Acceperam
860 876 972 932 autem
999 867 1079 931 satis
1106 866 1255 931 celeriter
1280 868 1421 934 iconiis

158 992 247 1055 sper
266 972 516 1057 publicanorum
538 972 727 1037 tabellarios
745 992 765 1035 a
784 970 918 1035 Lentuli
934 970 1105 1052 triumpho
1122 970 1228 1034 datas.
1273 972 1312 1035 ln
1333 971 1386 1037 his

186 1076 389 1157 γλυκύπικρον
419 1076 500 1140 illud
531 1075 714 1150 confirmas,
742 1095 868 1139 moram
900 1074 979 1138 mihi
1010 1073 1134 1138 nullam
1160 1074 1238 1149 fore,
1264 1076 1385 1140 deinde

187 1179 292 1254 addis,
319 1181 346 1245 si
373 1180 451 1264 quid
477 1201 581 1257 secus,
604 1190 639 1244 te
664 1181 707 1244 ad
738 1200 791 1242 me
820 1200 893 1243 esse
920 1188 1106 1243 venturum
1159 1177 1301 1261 Angunt
1332 1200 1388 1245 me

186 1284 410 1349 dubitationes
425 1293 522 1363 tuae;
545 1284 643 1348 simul
658 1293 692 1348 et
706 1284 808 1360 vides,
823 1303 905 1365 quas
920 1282 1101 1365 acceperim
1117 1280 1253 1347 litteras.
1294 1283 1386 1348 Nam

186 1408 269 1470 quas
292 1388 462 1464 Hermoni,
480 1387 680 1453 centurionis
701 1386 862 1463 Canuleii‚
879 1387 949 1469 ipse
967 1387 1082 1452 scribis
1103 1396 1136 1451 te
1156 1386 1296 1463 dedisse,
1316 1407 1384 1451 non

143 1518 174 1556 ιο
186 1492 308 1575 accepi.
360 1492 476 1556 Laenii
500 1493 609 1575 pueris
630 1502 665 1555 te
687 1491 816 1555 dedisse
838 1511 939 1573 saepe
961 1491 1004 1554 ad
1028 1510 1082 1555 me
1103 1491 1297 1574 scripseras:
1328 1511 1386 1556 eas

187 1594 372 1659 Laodiceae
392 1595 545 1678 denique,
563 1616 638 1660 cum
659 1616 700 1659 eo
718 1596 890 1672 venissem,
907 1595 1006 1659 tertio
1027 1595 1107 1658 Idus
1128 1594 1283 1659 Februar.
1299 1594 1384 1658 Lae·

187 1700 259 1763 nius
282 1699 361 1764 mihi
385 1699 537 1773 reddidit,
559 1700 655 1764 datas
676 1721 707 1764 a.
727 1700 760 1763 d.
783 1713 819 1763 x,
840 1698 915 1762 Kal
940 1698 1114 1764 Octobres.
1161 1697 1286 1761 Laenio
1309 1705 1386 1763 tuas

186 1803 491 1867 commendationes
509 1811 543 1866 et
561 1803 674 1867 statim
688 1803 797 1867 verbis
816 1810 849 1865 et
868 1802 995 1885 reliquo
1009 1811 1159 1884 tempore
1173 1823 1210 1865 rc
1224 1802 1384 1885 probabo.

187 1905 259 1969 Eae
279 1905 408 1970 litterae
426 1915 536 1971 cetera
550 1914 663 1970 vetera
680 1906 857 1984 habebant,
873 1926 975 1970 unum
992 1906 1056 1969 hoc
1074 1925 1207 1979 novum,
1222 1908 1266 1970 de
1281 1904 1416 1987 Ciby-r

143 2033 173 2086 ¹⁵
186 2009 265 2074 ratis
287 2007 467 2093 pantheris.
512 2009 658 2074 Multum
680 2018 715 2074 te
737 2031 823 2087 amo,
845 2010 935 2093 quod
959 2009 1154 2093 respondisti
1177 2009 1225 2071 M.
1241 2008 1384 2074 Octavio

186 2122 220 2176 te
245 2132 312 2176 non
338 2121 472 2196 putare3
500 2114 558 2178 sed
581 2113 720 2197 posthac
745 2115 864 2191 omnia,
888 2134 974 2197 quae
996 2122 1085 2178 certa
1108 2123 1299 2189 nonerunt,
1323 2132 1385 2195 pro

186 2227 276 2280 certo
296 2225 427 2300 negato.
472 2217 545 2281 Nos
563 2217 650 2281 enim
671 2226 705 2282 et
726 2226 838 2282 nostra
856 2226 975 2302 sponte
994 2217 1078 2280 bene
1097 2213 1183 2279 firmi
1204 2226 1239 2281 et
1257 2216 1385 2281 meher-

186 2320 260 2384 cule
292 2320 488 2386 auctoritate
521 2330 578 2386 tua
611 2320 807 2387 inflammati
836 2322 976 2386 vicimus
1009 2318 1244 2385 omnes-hoc
1272 2329 1309 2385 tu
1340 2321 1387 2388 ita

186 2541 236 2591 aud
252 2540 319 2606 hope
335 2557 384 2605 yon
401 2542 501 2606 maybe
516 2539 598 2608 right'
632 2541 761 2592 Iaehmann
845 2559 869 2608 9.
887 2544 1036 2592 Hermoni.
1086 2541 1244 2606 Apparently
1271 2540 1387 2592 Hermon

188 2616 224 2672 (p.
249 2610 341 2669 ria)s
417 2615 441 2657 ts
462 2606 518 2659 ‘nt'
541 2610 579 2658 lor
597 2605 653 2671 ‘et,’
672 2609 723 2658 and
739 2610 761 2658 is
812 2625 864 2658 was
881 2625 897 2658 a
913 2609 980 2658 slave
1001 2624 1029 2657 or
1051 2606 1177 2658 freedmau
1198 2607 1228 2657 of
1245 2607 1388 2658 Canuleius

186 2672 304 2724 followed
318 2673 351 2737 by
385 2673 467 2738 yrrell.
812 2675 928 2725 Wesenb.
942 2670 1161 2724 inserts‘liberto.'

222 2751 243 2787 1.
260 2742 333 2798 Etsi,
346 2738 490 2790 ‘howeren’
524 2739 571 2804 Cp.
583 2740 669 2789 Madv.
682 2752 739 2802 443.
848 2753 885 2788 ιο.
903 2742 1013 2790 Laeuii.
1054 2737 1078 2788 lt
1099 2739 1160 2788 does
1179 2743 1224 2787 not
1246 2754 1340 2803 appear
1360 2745 1389 2788 to

219 2802 421 2867 asperum,
436 2807 466 2855 ‘a
483 2805 633 2869 concluding
649 2805 761 2855 clauser'
812 2805 896 2855 whom
908 2806 998 2855 Cicero
1012 2804 1093 2854 refers.
1126 2804 1316 2853 AMLaenins
1329 2820 1388 2869 pro-

186 2871 285 2934 nsnally
297 2870 326 2919 of
334 2886 350 2918 a
362 2887 436 2920 verse.
472 2871 519 2935 Cp.
532 2870 644 2934 Thucyd.
659 2884 681 2920 a.
696 2882 733 2931 17.
813 2871 892 2921 tected
904 2870 955 2919 him
967 2878 992 2919 at
1006 2869 1162 2919 Brundisium
1171 2870 1196 2917 in
1210 2870 1240 2932 58
1254 2880 1306 2920 wc.
1340 2870 1389 2935 Cp.

221 2950 243 2983 ο,
261 2940 417 3022 Npusanua,
429 2936 496 2986 ‘still
511 2936 629 3001 suffering
643 2937 707 2985 from
721 2935 764 2985 the
813 2937 862 3051 {rio
869 2935 963 3048 FPle-uc.
980 2949 1021 3049 416.
1039 2945 1085 3001 97;
1102 2935 1151 2984 Pro
1168 2934 1249 2984 Sestio
1265 2933 1306 2998 ⁶3,
1325 2948 1389 2998 1315

185 3017 218 3051 vo
268 3018 289 3050 e.
890 3015 963 3050 amr
984 3038 990 3049 .
1036 3038 1042 3051 .

218 3017 350 3128 {lglhora
377 3082 410 3117 sc.
441 3066 518 3127 ‘erit’
541 3065 623 3118 which
645 3066 762 3116 Wescnb.
848 3070 956 3128 Pueris,
968 3015 1078 3116 isui&
1111 3065 1160 3141 Cp.
1169 3066 1211 3115 Ad
1220 3066 1273 3116 Att.
1287 3079 1310 3129 5.
1324 3066 1388 3127 ao,8

185 3132 278 3181 inserts.
814 3134 892 3198 ‘quas
902 3132 988 3182 laenii
1000 3132 1081 3197 pneris
1093 3132 1180 3180 scribis
1191 3129 1278 3181 datas!

219 3200 260 3246 Ut
271 3200 365 3256 video,
381 3213 414 3247 sc.
428 3194 598 3262 ‘scripsisses'
849 3212 886 3259 13.
904 3203 942 3247 Et
958 3201 1055 3247 statim
1072 3201 1175 3257 verbis,
1195 3212 1230 3246 sc.
1253 3197 1388 3262 ‘probari’

219 3278 242 3325 4.
260 3268 373 3322 Autem,
385 3260 543 3313 ‘moreoven’
813 3264 864 3314 For
880 3264 923 3314 the
939 3263 1057 3313 omission
1073 3263 1102 3312 of
1115 3261 1157 3312 the
1167 3261 1236 3322 verb,
1248 3279 1286 3328 cp.
1299 3262 1386 3313 Mndv.

220 3342 243 3391 5.
259 3332 286 3376 Δ
299 3330 416 3377 Lentuli
432 3332 577 3386 triumpho
592 3331 679 3387 daton,
693 3330 762 3377 ‘seut
811 3332 867 3394 478.

183 3392 235 3456 just
242 3395 304 3442 after
312 3393 353 3442 the
361 3394 434 3442 trium
453 3392 646 3443 hoflentulus'
672 3393 762 3442 Cicero
845 3398 983 3454 Probum,
997 3393 1064 3443 ‘will
1074 3392 1145 3442 show
1156 3409 1199 3456 my
1208 3393 1281 3443 vnlne
1293 3391 1346 3444 for!

186 3458 259 3508 refers
274 3466 301 3507 to
316 3459 343 3508 P.
355 3410 475 3509 Lentulus
490 3460 616 3524 Spinther,
629 3459 716 3510 consul
729 3470 760 3523 57
846 3475 884 3524 14.
901 3464 998 3510 Unum
1006 3463 1059 3509 hoo
1068 3473 1181 3521 novum,
1197 3459 1253 3510 ‘the
1264 3459 1323 3524 only
1333 3474 1389 3510 new

187 3536 250 3586 me,
268 3524 324 3573 who
341 3525 461 3638 preceded
478 3525 577 3639 Appius
593 3524 715 3575 Claudius
734 3541 762 3575 as
811 3527 880 3592 topic
892 3527 950 3590 they
961 3522 1088 3574 mentiou'

204 3606 339 3640 ovemoro
366 3589 466 3642 Cilicia.
540 3589 655 3641 eletters
675 3591 705 3640 of
719 3591 762 3641 the
843 3595 1039 3648 Declbyrntln
1055 3592 1214 3648 pantheris:
1233 3605 1272 3656 cp.
1285 3590 1333 3655 Ep.
1346 3604 1386 3653 33,

227 3663 237 3704 t
252 3657 319 3704 book
333 3655 389 3705 ‘Ad
404 3654 562 3706 humiliares¹
574 3672 615 3708 ure
629 3656 761 3707 addressed
811 3670 835 3721 5.
869 3657 905 3706 Μ.
917 3657 1044 3715 Octavius,
1058 3656 1141 3705 curule
1156 3655 1237 3706 aedile
1251 3656 1314 3706 elect
1326 3656 1388 3706 with

185 3727 213 3770 to
224 3721 286 3777 him,
297 3721 358 3771 with
369 3737 416 3771 one
430 3724 566 3787 exception.
810 3723 921 3783 Caelius,
943 3721 1065 3787 probably
1088 3720 1165 3771 asked
1187 3722 1287 3772 Atticus
1309 3721 1332 3772 if
1355 3721 1389 3772 he

219 3785 242 3836 6.
262 3784 439 3851 γλυκύπικρον
460 3792 542 3845 illud,
565 3787 635 3839 ‘that
656 3788 761 3838 mixture
812 3788 917 3852 thought
939 3789 1029 3839 Cicero
1051 3787 1135 3836 would
1161 3787 1220 3836 send
1243 3789 1295 3836 him
1317 3803 1388 3837 some

186 3851 215 3902 of
228 3860 302 3902 sweet
319 3853 368 3901 und
385 3853 458 3903 bitter
469 3853 550 3904 which
563 3854 576 3903 1
587 3854 663 3904 found
677 3855 703 3903 in
719 3855 762 3904 the
829 3854 935 3915 anthers,
947 3852 996 3904 and
1006 3853 1094 3903 Cicero
1104 3852 1125 3901 is
1137 3852 1239 3917 obliged
1250 3860 1276 3903 to
1288 3853 1388 3904 Atticus

186 3919 235 3969 lust
245 3918 327 3968 words
342 3919 372 3967 of
385 3934 447 3983 your
461 3922 574 3984 previous
589 3920 669 3981 letter,
680 3922 697 3969 i.
702 3936 722 3968 e.
735 3921 761 3969 in
811 3870 850 3969 lor
861 3920 949 3986 saying
959 3921 991 3970 he
1002 3918 1109 3982 thought
1119 3928 1171 3967 not.

186 3985 229 4034 the
240 3982 426 4048 ἀκροτελούτιον
435 3987 577 4037 mentioned
585 3988 672 4036 above.
707 3985 761 4035 The
847 3984 883 4034 16.
902 3989 941 4036 Te
963 4001 1022 4037 nnn
1043 3990 1152 4045 numm,
1170 3999 1204 4034 sc.
1226 3985 1282 4035 ‘me
1299 3984 1386 4034 missu·

186 4051 256 4100 word
272 4050 435 4116 γλυκύπικρον
447 4053 469 4102 is
484 4053 561 4102 found
572 4053 597 4102 in
612 4051 717 4117 Sappho
728 4067 761 4115 40
811 4051 885 4102 rum!

186 4116 299 4180 (Bergk).
845 4120 948 4168 omnia
959 4154 965 4166 .
979 4154 985 4166 .
996 4120 1107 4175 neceto,
1122 4115 1177 4177 ‘say
1189 4129 1222 4163 uo
1233 4130 1260 4164 as
1271 4122 1388 4179 toevery·

218 4185 382 4244 confirmas,
394 4186 458 4247 ‘yon
468 4179 570 4249 repeat!
810 4183 883 4247 thing
892 4184 921 4234 of
928 4183 1010 4232 which
1021 4197 1072 4247 you
1080 4196 1120 4230 ure
1131 4186 1177 4229 not
1185 4179 1294 4242 certain,’
1306 4182 1351 4231 ie.
1359 4196 1388 4230 as

219 4258 242 4311 7.
261 4252 292 4296 Sl
308 4252 378 4307 quid
395 4264 485 4308 mous,
498 4249 533 4298 ·if
547 4247 631 4312 things
645 4254 700 4297 turn
717 4254 761 4298 out
811 4256 838 4299 to
856 4264 898 4313 my
914 4249 1004 4313 ability
1023 4249 1072 4297 and
1091 4247 1153 4295 wish
1172 4253 1200 4295 to
1222 4257 1323 4297 execnte
1345 4246 1388 4296 the

185 4313 315 4364 otherwise
326 4318 351 4364 iu
363 4329 411 4378 any
421 4313 492 4377 way?
811 4315 971 4365 commission
984 4316 1008 4362 in
1020 4312 1140 4379 question.

218 4381 241 4429 8.
260 4383 338 4437 Quas
355 4418 361 4429 .
381 4417 386 4429 .
404 4383 524 4440 litteras,
545 4378 627 4428 ‘what
644 4376 729 4428 letters
746 4379 759 4428 1
845 4381 883 4428 18.
894 4383 1136 4430 Auctoritatem
1159 4376 1207 4444 Cp.
1217 4393 1238 4428 e.
1248 4393 1273 4442 g.
1283 4378 1324 4428 Ad
1334 4378 1388 4428 Att.

184 4445 247 4495 have
259 4446 387 4507 received,'
397 4445 446 4495 aud
463 4443 583 4495 therefore
594 4444 661 4494 what
673 4445 686 4493 I
697 4445 761 4496 have
812 4460 834 4508 5.
839 4444 1043 4563 ἐξέοὲίοδοξιο
1053 4452 1079 4496 ut
1090 4444 1166 4495 etiam
1177 4445 1298 4509 Ligurino
1309 4442 1385 4507 μῶμοι

184 4519 238 4562 not.
811 4527 839 4562 ss
947 4527 1010 4562 mus.
