3030 5542
182 857 245 942 378
523 859 574 922 M.
601 858 763 919 TULLII
781 857 1038 922 CICERONIS
1217 852 1314 945 [naar
1329 872 1383 919 111.

606 1061 739 1113 CICERO
756 1061 889 1111 amco
905 1060 978 1110 SAL

227 1180 274 1243 Et
300 1202 350 1244 res
373 1180 445 1263 ipsa
467 1181 624 1244 monebat
647 1191 680 1243 et
702 1189 738 1243 tu
762 1178 954 1244 ostenderas
969 1190 1002 1244 et
1018 1202 1080 1264 ego
1095 1181 1260 1257 videbam,
1275 1180 1318 1244 de
1342 1180 1414 1243 iis1

182 1285 289 1361 rebus,
304 1305 387 1367 quas
403 1285 552 1368 intercipi
568 1284 787 1366 periculosum
803 1296 899 1357 esset,
915 1283 1012 1348 finem
1031 1286 1114 1347 inter
1136 1305 1198 1349 nos
1216 1284 1383 1347 scribendi

183 1387 253 1451 fieri
270 1400 402 1470 tempus
417 1410 507 1468 esse3
523 1390 590 1461 sed,
602 1410 678 1452 cum
694 1391 737 1453 ad
754 1409 807 1452 me
822 1410 921 1470 saepe
931 1409 1005 1451 mea
1014 1389 1125 1453 Tullia
1140 1389 1263 1453 scribat
1274 1409 1384 1463 orans,

184 1502 222 1556 ut
239 1493 318 1574 quid
335 1494 368 1555 in
387 1493 550 1575 Hispania
559 1505 693 1575 geratur
702 1504 903 1574 exspectem,
916 1504 950 1556 et
965 1514 1096 1574 semper
1110 1493 1277 1557 adscribat
1293 1493 1384 1556 idern

155 1623 170 1672 5
184 1598 287 1661 videri
303 1598 364 1661 tibi
375 1598 477 1679 idque
488 1598 559 1680 ipse
573 1597 674 1660 etiam
690 1617 735 1659 ex
751 1598 816 1660 tuis
832 1596 948 1661 litteris
965 1597 1193 1672 intellexerim,
1210 1617 1278 1660 non
1300 1605 1384 1679 puto

184 1721 255 1764 esse
277 1700 421 1764 alienum
445 1721 499 1765 me
521 1702 564 1764 ad
588 1712 630 1774 te,
646 1702 727 1784 quid
743 1702 786 1764 de
801 1722 840 1764 ea
856 1721 891 1764 re
905 1702 1056 1777 sentiam,
1071 1702 1222 1764 scribere.
1268 1698 1416 1764 Consi-a

184 1802 265 1868 lium
282 1805 369 1868 istud
382 1816 460 1869 tunc
476 1815 564 1871 esset
579 1808 732 1888 prudens,
748 1816 785 1869 ut
804 1805 883 1869 mihi
899 1807 1040 1879 videtur,
1056 1806 1082 1869 si
1098 1815 1227 1869 nostras
1241 1805 1384 1867 rationes

185 1909 228 1972 ad
245 1909 500 1991 Hispaniensem
519 1930 632 1973 casum
648 1911 930 1974 accommodaturi
946 1930 1112 1985 essemus3
1134 1909 1224 1991 quod
1241 1907 1311 1972 fieri
1327 1929 1386 1970 ne·

185 2013 277 2094 quit;
302 2033 433 2076 necesse
456 2022 506 2076 est
529 2015 618 2075 enim
641 2024 707 2089 aut,
724 2013 757 2076 id
780 2015 872 2095 quod
896 2015 1042 2076 maxime
1057 2013 1167 2088 velim,
1182 2012 1260 2095 pelli
1283 2013 1385 2075 istum

142 2147 173 2184 ιο
186 2116 229 2180 ab
247 2116 420 2199 Hispania,
435 2126 493 2180 aut
507 2116 593 2180 trahi
610 2117 644 2180 id
661 2117 794 2194 bellum,
810 2128 868 2180 aut
887 2118 997 2189 istum,
1014 2128 1050 2180 ut
1066 2116 1231 2180 confidere
1245 2116 1387 2189 videtur,

186 2219 432 2303 apprehendere
450 2221 640 2303 Hispanias.
687 2220 725 2285 Si
749 2222 897 2304 pelletur,
923 2242 1023 2303 quam
1049 2233 1163 2304 gratus
1195 2229 1254 2284 aut
1283 2240 1385 2302 quam

187 2324 345 2387 honestus
370 2334 441 2386 tum
466 2326 525 2387 erit
548 2325 590 2388 ad
616 2325 811 2409 Pompeium
835 2336 948 2389 noster
976 2327 1146 2403 adventus,
1168 2345 1244 2389 cum
1275 2325 1385 2408 ipsum

188 2426 366 2491 Curionem
381 2427 423 2490 ad
440 2449 516 2491 eum
532 2430 743 2493 transiturum
760 2435 899 2513 putem?
944 2428 980 2493 Si
996 2430 1136 2492 trahitur
1157 2429 1289 2507 bellurn,
1305 2429 1386 2510 quid

187 2542 379 2612 exspectem
391 2542 449 2594 aut
462 2554 562 2615 quarn
575 2533 656 2596 diu?
672 2534 891 2617 Relinquitur,
900 2543 944 2609 ut,
956 2535 982 2597 si
992 2534 1153 2597 vincimur
1165 2534 1198 2596 in
1213 2533 1389 2614 Hispania,

144 2665 173 2715 15
188 2636 414 2718 quiescamus:
439 2636 470 2699 id
495 2657 558 2720 ego
581 2648 695 2701 contra
721 2649 826 2720 puto;
848 2640 949 2701 istum
979 2637 1066 2700 enirn
1090 2638 1250 2701 victorem
1281 2638 1389 2720 magis

189 2740 438 2822 relinquendum
469 2752 552 2822 puto
580 2763 681 2824 quam
710 2743 833 2806 victum
860 2752 893 2806 et
919 2741 1128 2805 dubitantem
1153 2742 1259 2824 magis
1284 2761 1387 2824 quam

187 2843 346 2908 fidentem
362 2845 430 2908 suis
445 2846 551 2909 rebus.
597 2846 685 2909 Nam
708 2847 845 2910 caedem
868 2846 974 2921 video,
988 2846 1015 2907 si
1034 2845 1157 2919 vicerit,
1172 2854 1206 2908 et
1224 2846 1388 2926 impetum

188 2949 222 3011 in
238 2949 441 3031 privatorum
460 2951 617 3032 pecunias
633 2960 666 3013 et
681 2949 835 3013 exsulum
855 2950 998 3012 reditum
1020 2959 1053 3012 et
1076 2949 1206 3012 tabulas
1228 2969 1332 3012 novas
1354 2959 1389 3011 et

188 3053 455 3135 turpissimorum
479 3053 621 3117 honores
645 3064 678 3117 et
702 3075 839 3137 regnum
858 3074 923 3117 non
951 3054 1053 3116 modo
1077 3053 1231 3116 Romano
1254 3052 1388 3128 homini,

184 3299 204 3347 l·
223 3246 244 3281 a.
262 3237 387 3349 Quaaffip
396 3235 565 3349 apbreviation
574 3236 612 3284 lor
622 3236 667 3285 ‘de
676 3237 764 3300 quibus
807 3250 916 3348 hippoec
927 3235 982 3284 that
992 3251 1052 3285 even
1064 3234 1141 3284 Curio
1151 3233 1236 3284 would
1246 3250 1281 3299 go
1292 3249 1351 3283 over
1361 3239 1390 3282 to

197 3301 296 3348 uterus?
352 3303 359 3347 i
381 3316 432 3349 er.
827 3300 877 3349 'm'

220 3369 312 3415 unet.
352 3366 392 3416 On
413 3366 455 3416 the
474 3374 551 3429 tense,
571 3384 610 3433 cp.
630 3368 677 3432 Ep.
699 3381 719 3416 1.
742 3381 765 3429 1,
846 3379 884 3429 13.
893 3369 1134 3481 dflitrahiturtcp.
1143 3366 1228 3416 Madv.
1238 3365 1388 3428 348e,0bs

187 3440 254 3481 note.
837 3449 892 3483 :an
957 3446 979 3493 3.

222 3511 245 3558 3.
263 3500 359 3546 Fieri:
377 3514 417 3562 cp.
430 3499 516 3547 Madv.
529 3501 583 3562 389.
810 3449 827 3496 ⁴
846 3513 883 3562 14
902 3447 1167 3556 niritnquicurathe
1178 3497 1238 3561 only
1248 3497 1391 3562 possibility

221 3579 244 3625 4
262 3566 301 3611 Et
309 3578 433 3621 semper.
444 3567 522 3624 .tibi,
532 3569 538 3592 ⁸
547 3565 595 3614 and
603 3566 696 3629 always
704 3565 766 3614 adds
811 3566 949 3627 remaining
960 3566 985 3612 in
997 3564 1078 3613 which
1090 3564 1133 3612 the
1149 3565 1224 3612 result
1242 3563 1271 3611 ol
1285 3564 1327 3613 the
1338 3580 1391 3612 war

189 3629 243 3679 that
255 3645 316 3691 your
327 3630 427 3693 opinion
440 3631 461 3677 is
472 3630 513 3679 the
525 3631 607 3681 same.¹
812 3632 837 3680 in
849 3630 926 3695 Spain
938 3631 1018 3694 might
1030 3629 1103 3678 aliect
1115 3646 1156 3693 my
1167 3630 1277 3679 decision
1288 3631 1316 3678 ia

222 3693 246 3742 6.
263 3697 420 3755 Alienum
431 3696 512 3744 outol
521 3696 607 3759 plaoe.¹
625 3697 649 3747 It
660 3697 681 3746 is
692 3697 767 3746 much
848 3709 857 3744 ι
863 3711 886 3759 5.
903 3699 939 3743 Id
956 3711 1008 3753 ego
1025 3703 1125 3745 contra
1141 3703 1219 3755 puto,
1232 3699 1240 3722 ‘
1251 3696 1263 3744 1
1275 3695 1335 3743 hold
1347 3694 1390 3743 the

189 3776 258 3809 more
278 3774 393 3809 common
411 3762 471 3809 with
488 3778 504 3810 a
519 3777 575 3811 caso
592 3762 722 3827 following
739 3765 766 3811 it.
812 3771 926 3825 contrary
936 3762 1039 3825 opinion
1051 3762 1128 3810 about
1138 3759 1208 3810 that.’
1236 3758 1392 3810 ‘Contra'is

190 3824 294 3875 Foroell.
307 3842 327 3873 e.
336 3842 360 3888 g.
373 3827 422 3875 ‘ab
432 3825 480 3874 hoc
490 3827 563 3876 loco!
813 3828 874 3877 used
884 3827 1045 3890 adverbially,
1058 3827 1106 3875 and
1118 3825 1199 3875 ‘esse'
1212 3826 1323 3876 omitted.
1341 3825 1391 3889 Cp.

223 3894 381 3940 Consilium
393 3926 399 3938 .
416 3930 422 3940 .
437 3896 569 3951 prudeus,
587 3895 663 3958 ‘your
682 3894 768 3943 advice
814 3895 854 3943 Dc
863 3892 913 3943 Oli.
923 3906 944 3939 a.
955 3907 976 3953 2,
988 3902 1001 3956 7
1012 3896 1018 3919 ‘
1028 3893 1078 3940 alia
1087 3893 1235 3956 probabilia,
1243 3901 1330 3942 eontra
1340 3891 1392 3940 alia

190 3956 275 4005 would
293 3958 323 4005 be
339 3957 432 4015 wisel
450 3958 529 4018 think,
542 3959 565 4007 il
579 3960 591 4008 1
609 3959 725 4009 intended
741 3968 768 4008 to
814 3957 937 4009 dicimus.¹

190 4022 287 4071 iashion
299 4037 341 4084 my
350 4022 421 4082 plnns
432 4025 566 4089 according
576 4036 603 4075 to
613 4026 656 4075 the
667 4026 732 4075 issue
743 4025 773 4074 ol
851 4024 888 4073 16.
905 4027 1090 4073 Dubitautem
1099 4061 1105 4073 .
1115 4029 1221 4083 .rebua,
1231 4025 1270 4072 ‘in
1279 4040 1294 4073 a
1302 4022 1392 4071 doubt·

189 4087 231 4137 the
243 4103 293 4136 war
304 4087 328 4135 in
340 4088 432 4151 Spain?
815 4090 851 4140 lul
866 4091 981 4155 position,
994 4090 1077 4138 rather
1088 4090 1149 4139 than
1166 4091 1190 4138 in
1208 4105 1255 4138 one
1272 4089 1301 4138 ol
1315 4086 1393 4139 conti-

225 4165 248 4217 7.
267 4155 449 4215 'I‘nne=·ita,'
461 4155 504 4204 but
516 4158 599 4205 ‘tum'
611 4157 632 4206 is
642 4157 769 4222 generally
815 4157 892 4206 deuoe
909 4157 935 4204 in
953 4155 992 4204 his
1009 4155 1131 4204 lortunes'
1166 4156 1207 4204 To
1226 4156 1257 4205 be
1274 4154 1349 4204 taken
1367 4155 1393 4201 in

191 4219 251 4269 need
264 4220 290 4268 ln
302 4219 439 4272 thissense.
475 4222 563 4272 Holm.
599 4223 769 4274 Wesenb.has
815 4222 883 4271 close
902 4222 1047 4271 connection
1068 4222 1127 4270 with
1144 4225 1270 4270 vietum
1290 4221 1334 4269 but
1351 4219 1394 4268 the

191 4284 276 4334 ‘tum’
815 4288 956 4352 expression
974 4302 1053 4336 seems
1069 4287 1129 4347 odd,
1142 4287 1191 4335 and
1204 4288 1269 4336 Boot
1280 4292 1394 4350 suggests

224 4351 247 4400 8.
266 4354 351 4407 Quod
359 4355 422 4401 ilari
432 4357 540 4411 nequit.
568 4355 768 4416 Because,what-
814 4351 890 4403 ‘nec'
903 4352 1011 4401 lor‘et.'

190 4432 247 4467 ever
256 4417 298 4466 the
307 4434 393 4467 course
402 4419 430 4468 ol
437 4419 592 4485 theSpanish
600 4437 657 4481 war,
666 4422 685 4470 it
694 4421 768 4471 could
850 4430 887 4482 17.
902 4422 1023 4468 caedem
1031 4420 1122 4479 video,
1131 4433 1164 4468 sc
1175 4414 1257 4468 ‘lore’
1289 4417 1338 4482 Cp.
1345 4417 1393 4482 Ep.

190 4493 235 4532 not
246 4483 341 4547 change
352 4485 392 4533 his
402 4485 518 4535 decision.
553 4486 667 4536 Wesenb.
679 4488 769 4536 doubts
815 4483 854 4548 63,
867 4500 890 4548 4,
903 4492 969 4534 note.

191 4549 213 4599 il
221 4553 228 4576 ‘
237 4549 365 4613 nequit’is
376 4552 520 4601 Ciceronian
532 4552 557 4600 in
569 4553 619 4601 this
630 4568 708 4614 sense,
720 4552 769 4602 and
850 4552 889 4600 18.
906 4553 1049 4609 Raditum,
1061 4547 1235 4598 ‘restoration'
1253 4548 1308 4598 The
1316 4547 1396 4598 exiles

191 4616 770 4682 suggests‘nonpotest,’·nondebet’or‘nou
815 4616 900 4666 would
917 4617 985 4666 olten
999 4617 1030 4666 be
1050 4614 1164 4681 political
1181 4615 1310 4665 oliendera.
1344 4614 1394 4679 Cp.

192 4682 306 4747 oportet.¹
817 4684 864 4747 Ep.
876 4694 917 4746 47,
933 4697 954 4742 1,
966 4691 1032 4732 note.

226 4762 249 4811 9.
266 4751 366 4807 Istum,
379 4748 519 4798 Caesarem.
851 4751 972 4798 'I'abulas
995 4764 1092 4804 novas,
1115 4750 1150 4798 ‘a
1171 4745 1234 4796 total
1255 4761 1284 4795 or
1303 4746 1395 4810 partial

228 4814 772 4875 11.apprehendero,‘ah0uldmakehim-
817 4814 939 4865 abolition
968 4814 997 4862 ol
1025 4810 1113 4864 debts.¹
1156 4813 1204 4877 Cp.
1233 4812 1259 4860 in
1284 4811 1341 4861 Cat.
1371 4826 1394 4861 a.

191 4879 242 4929 seli
250 4889 340 4928 master
351 4879 393 4929 ol.'
427 4882 499 4930 Raro.
534 4880 640 4930 liorcell.
817 4881 842 4940 8,
857 4883 894 4930 18.

227 4949 319 5001 Quam
331 4953 433 5003 natur,
446 4947 508 5008 loll,
519 4947 548 4994 ol
556 4962 642 4995 course
652 4946 762 4995 ironieal.
853 4960 863 4994 1
885 4983 891 4993 .
909 4949 1165 5002 'anhaimorumz
1179 4944 1196 4993 i.
1204 4959 1225 4992 e.
1234 4943 1329 4993 ossuch
1337 4958 1396 4992 men

229 5024 266 5059 η.
284 5014 354 5060 cum
372 5049 378 5062 .
398 5049 404 5060 .
421 5019 528 5075 putem,
546 5012 633 5061 ‘when
651 5011 665 5062 1
683 5012 773 5062 should
818 5028 846 5062 as
899 5013 997 5061 binius:
1013 5011 1107 5062 seethe
1118 5017 1177 5061 next
1188 5010 1290 5060 section.
