3052 5026
132 326 287 418 nr.137.]
463 331 529 390 ΑΙ)
550 329 847 391 FAMILIARES
867 329 931 391 XI.
957 347 1007 392 10.
1243 284 1251 303 ·.
1270 340 1330 411 591

134 503 203 566 tula
218 502 377 566 solvendo
390 522 554 584 omneque
565 523 670 586 genus
680 501 851 566 hominum
867 501 1063 584 adripiendo
1078 501 1158 566 satis
1175 519 1330 584 magnum

134 626 307 669 numerum
331 607 462 670 videtur
484 606 653 684 effecisse3
678 606 743 670 huc
765 606 901 669 accessit
924 625 1040 669 manus
1063 605 1221 680 Ventidii,
1248 623 1332 687 quae

134 720 225 773 trans
248 709 485 792 Appenninum
513 708 629 773 itinere
654 709 742 774 facto
771 708 966 773 difficillimo
991 708 1035 773 ad
1062 709 1159 792 Vada
1183 707 1333 791 pervenit

134 824 236 896 atque
252 814 298 876 ibi
315 834 350 876 se
366 834 440 876 cum
457 812 608 877 Antonio
624 813 805 878 coniunxit.
852 813 914 876 Est
931 833 1086 877 numerus
1100 820 1331 876 veteranorum

103 927 168 980 set
194 927 397 980 armatorum
424 917 506 980 satis
528 918 681 1001 frequens
704 938 779 980 cum
802 916 971 981 Ventidio,
1018 916 1163 981 Consilia
1192 914 1361 988 Antoniis

134 1020 216 1084 haec
236 1021 299 1085 sint
320 1042 452 1085 necesse
476 1030 545 1085 est:
568 1020 690 1084 autad
712 1021 875 1104 Lepidum
901 1030 937 1084 ut
961 1042 996 1084 se
1023 1021 1180 1096 conferat,
1202 1019 1231 1083 si
1253 1018 1332 1082 reci·

134 1126 244 1207 pitur;
266 1135 324 1188 aut
343 1125 548 1209 Appennino
560 1123 769 1209 Alpibusque
784 1145 820 1188 se
835 1135 948 1189 teneat
963 1135 997 1188 et
1012 1124 1259 1189 decursionibus
1275 1142 1335 1205 per

134 1229 270 1310 equites,
286 1249 370 1310 quos
386 1230 486 1293 habet
503 1230 635 1300 multos,
645 1239 753 1294 vastet
769 1251 808 1293 ea
822 1228 903 1302 loca,
919 1229 951 1292 in
966 1249 1052 1311 quae
1068 1227 1256 1292 incurrerit:
1276 1236 1334 1290 aut

133 1353 245 1396 rursus
266 1353 301 1396 se
321 1333 352 1396 in
374 1332 539 1396 Etruriam
558 1333 685 1408 referat,
697 1333 786 1416 quod
805 1354 845 1396 ea
865 1354 941 1416 pars
960 1332 1076 1397 ltaliae
1096 1334 1167 1396 sine
1186 1331 1332 1395 exercitu

134 1447 194 1499 est.
239 1434 339 1518 Quod
359 1436 386 1497 si
410 1456 463 1499 me
487 1434 609 1499 Caesar
627 1437 772 1500 audisset
788 1446 888 1517 atque
908 1435 1148 1519 Appenninum
1164 1435 1332 1498 transisset
1349 1463 1379 1499 ιο

134 1540 165 1600 in
181 1548 290 1603 tantas
306 1539 474 1621 angustias
489 1538 676 1602 Antonium
689 1538 930 1621 compulissem,
940 1547 977 1602 ut
989 1539 1098 1622 inopia
1110 1539 1220 1620 potius
1231 1559 1332 1621 quam

135 1643 220 1705 serro
235 1642 459 1706 conficeretur.
505 1642 574 1707 Sed
584 1664 691 1725 neque
702 1641 834 1706 Caesari
848 1642 1001 1725 imperari
1014 1651 1124 1726 potest
1139 1663 1198 1705 nec
1211 1642 1334 1707 Caesar

135 1747 295 1809 exercitui
311 1767 393 1824 suo;
416 1749 508 1828 quod
533 1755 709 1828 utrumque
732 1746 913 1829 pessimum
934 1755 994 1809 est.
1040 1746 1125 1810 Cum
1144 1746 1225 1808 haec
1252 1746 1332 1809 talia

134 1852 208 1923 sint,
232 1870 300 1931 quo
324 1850 439 1926 minus,
462 1849 553 1931 quod
580 1850 623 1914 ad
651 1870 704 1912 me
733 1849 921 1933 pertinebit,
944 1848 1095 1913 homines
1125 1848 1333 1931 interpellent

135 1965 289 2037 utsupra
311 1954 433 2035 scripsi,
457 1974 522 2017 non
544 1954 714 2036 impedio;
736 1952 817 2018 haec
832 1974 931 2036 quem
950 1954 993 2016 ad
1014 1954 1150 2017 modum
1174 1952 1333 2034 explicari
1350 1973 1379 2023 ¹5

105 2075 122 2121 5
137 2058 264 2141 possint
280 2066 347 2133 aut,
357 2078 377 2119 a
393 2068 427 2120 te
443 2077 518 2120 cum
535 2057 796 2140 explicabuntur,
809 2078 850 2121 ne
867 2058 1087 2140 impediantur
1099 2057 1211 2120 timeo.
1234 2055 1334 2119 Alere

138 2163 202 2223 iam
215 2159 334 2223 milites
349 2180 415 2224 non
431 2181 576 2242 possum.
623 2160 708 2225 Cum
726 2162 769 2225 ad
785 2181 854 2223 rem
869 2161 1037 2242 publicam
1059 2159 1262 2224 liberandam
1279 2179 1334 2225 ac-

136 2265 228 2341 cessi,
246 2263 318 2327 HS.
330 2264 411 2326 mihi
424 2264 484 2326 luit
496 2265 653 2346 pecuniae
666 2285 673 2299 ·
686 2277 776 2328 cccc
794 2284 801 2298 ·
818 2264 971 2347 amplius.
1016 2264 1162 2328 Tantum
1174 2264 1279 2339 abest,
1297 2273 1334 2326 ut

137 2388 229 2431 meae
259 2368 304 2431 rei
329 2368 497 2432 familiaris
524 2369 663 2432 liberum
688 2367 730 2431 sit
754 2369 940 2450 quicquam,
961 2378 997 2432 ut
1020 2388 1136 2431 omnes
1154 2367 1220 2430 iam
1240 2388 1333 2432 meos

136 2472 260 2535 amicos
278 2492 350 2534 aere
365 2471 472 2534 alieno
488 2471 731 2535 obstrinxerim.
778 2470 915 2553 Septem
938 2491 1109 2535 numerum
1133 2471 1332 2552 nunclegio·
1349 2490 1380 2525 ²0

135 2595 213 2637 num
225 2574 298 2652 alo;
322 2596 388 2658 qua
399 2574 601 2651 difficultate,
610 2586 647 2638 tu
660 2574 819 2638 arbitrare
833 2598 840 2638 :
864 2596 939 2652 non,
951 2575 977 2638 si
989 2575 1148 2639 Varronis
1160 2574 1333 2639 thesauros

135 2709 267 2768 detained,’
283 2727 311 2758 or
327 2712 375 2774 ‘by
391 2710 512 2775 relensing
528 2711 570 2760 the
587 2710 665 2760 slaves
681 2727 710 2759 so
793 2714 854 2759 Neo
866 2714 975 2771 cessar,
987 2726 1020 2760 sc.
1035 2710 1169 2775 ‘impetere
1180 2710 1276 2774 potest'

135 2774 267 2824 detained?
299 2775 488 2839 ‘Ergestulnm'
501 2793 585 2825 means
597 2777 657 2825 both
667 2775 709 2826 the
795 2790 832 2838 14.
857 2779 943 2832 Quod
958 2780 994 2825 ed
1010 2792 1054 2825 me
1071 2780 1233 2833 pertinebit.
1252 2777 1334 2826 ‘what

138 2842 220 2905 prison
230 2841 278 2889 nnd
291 2840 323 2889 its
335 2850 475 2904 occupante.
509 2842 614 2891 Forcell.
759 2841 825 2891 shall
836 2857 940 2890 concern
952 2858 993 2905 my
1004 2839 1163 2891 distinction!
1196 2843 1244 2904 Cp.
1258 2845 1271 2900 5
1287 2857 1307 2890 r.

170 2920 192 2965 3.
210 2910 296 2964 Vnde,
310 2921 344 2957 sc.
361 2907 470 2966 Sabatia,
488 2923 544 2957 now
556 2907 638 2967 Vado,
650 2922 710 2955 nenr
794 2921 831 2968 15.
851 2911 949 2964 supro.
983 2907 1057 2970 Cp.§
1075 2921 1083 2953 ι
1099 2908 1128 2955 oi
1135 2907 1185 2955 this
1196 2907 1275 2956 letter.

134 2971 239 3020 Sasona.
792 2977 877 3033 Haeo,
891 2978 949 3036 ‘my
961 2979 1058 3037 present
1069 2970 1224 3021 difficulties!

169 3052 192 3098 5.
209 3040 248 3085 ut
280 3043 460 3098 ermetem,
490 3037 553 3086 ‘and
583 3038 613 3087 ot'
638 3038 710 3086 other
795 3037 832 3087 16.
849 3043 917 3088 Ate
931 3040 1231 3099 numexplloebuntur,
1245 3037 1333 3089 ‘when

134 3102 219 3150 nrmed
236 3101 309 3161 men,’
328 3103 479 3167 apparently.
758 3119 808 3167 you
820 3111 859 3167 try
869 3110 896 3152 to
908 3104 980 3153 settle
991 3103 1076 3153 them’

168 3167 192 3216 6.
209 3171 240 3215 si
255 3170 399 3226 recipitur,
412 3168 449 3216 ‘ii
461 3168 570 3233 lepidus
580 3169 602 3218 is
613 3168 711 3232 willing
794 3170 831 3218 18.
850 3172 909 3218 ΗΒ.
924 3206 930 3219 .
943 3208 948 3218 .
960 3180 1058 3217 ·cccc·
1076 3181 1183 3230 4oo,ooo
1194 3169 1331 3218 sestertii-

135 3241 162 3281 to
171 3233 264 3281 receive
273 3232 341 3281 him.‘
364 3234 421 3298 Cp,
434 3250 466 3282 on
478 3235 520 3285 the
528 3242 601 3294 tense,
613 3235 660 3299 Ep.
669 3234 708 3294 38,
759 3234 802 3283 the
819 3250 873 3283 snm
889 3241 916 3283 st
932 3234 1012 3283 which
1030 3233 1072 3284 the
1089 3238 1191 3282 ‘census
1206 3234 1333 3298 equester'

135 3314 160 3362 9,
171 3307 236 3347 note.
759 3315 810 3348 was
832 3299 1008 3348 hired—seems
1030 3315 1045 3347 a
1067 3298 1141 3349 small
1163 3315 1217 3347 sum
1240 3301 1279 3349 for
1299 3300 1332 3349 D.

169 3374 191 3425 7.
208 3366 378 3420 Appennino
389 3368 574 3422 Alpibusque.
595 3363 709 3415 Itwonld
759 3366 1012 3425 Brutus,nneminent
1021 3365 1131 3414 member
1139 3365 1167 3413 oi
1175 3366 1333 3414 evicton'ous

136 3431 166 3477 be
177 3444 245 3477 more
258 3431 327 3477 usual
344 3438 370 3477 to
385 3431 460 3479 insert
476 3432 654 3496 apreposition
666 3431 709 3479 be-
759 3439 836 3495 pruty,
848 3439 875 3480 to
890 3431 952 3479 have
969 3431 1096 3494 possessed
1114 3436 1140 3478 st
1157 3431 1198 3479 the
1215 3431 1289 3480 death
1307 3431 1336 3479 oi

135 3494 187 3543 sore
206 3495 274 3542 these
295 3495 383 3544 words.
418 3497 523 3546 Ancient
543 3496 709 3560 geographus
759 3497 866 3555 Caesen
885 3495 934 3544 und
953 3496 964 3543 l
983 3496 1102 3545 therefore
1118 3509 1176 3543 now
1191 3495 1261 3544 think
1279 3496 1333 3545 that

135 3576 200 3608 seem
217 3568 244 3607 to
258 3560 321 3608 have
339 3560 426 3624 placed
443 3562 485 3610 the
499 3561 653 3625 junctionos
666 3561 708 3611 the
759 3562 812 3611 HS.
837 3573 934 3610 ’cccc'
957 3569 1023 3610 must
1042 3562 1073 3610 be
1091 3561 1243 3610 understood
1265 3578 1292 3610 as
1306 3583 1328 3601 =

135 3626 200 3689 Alps
215 3626 264 3673 and
283 3627 424 3689 Apennines
440 3634 466 3676 st
482 3628 581 3676 various
594 3627 709 3691 places—
760 3625 989 3691 ‘quadringenties'
1007 3643 1036 3676 or
1052 3640 1203 3689 4o,ooo,000
1219 3626 1331 3676 sestertii.

134 3691 224 3739 Strabo
247 3690 282 3804 qs.
303 3692 326 3746 6,
349 3691 384 3753 1),
407 3700 432 3740 nt
455 3692 549 3742 Genua.
592 3693 639 3756 Cp.
660 3692 708 3755 Ep.
758 3692 832 3741 Wiel.
855 3693 952 3741 renders
980 3692 999 3741 it
1022 3696 1144 3755 ‘4oo,0oo
1170 3699 1286 3742 sesterces
1307 3692 1333 3740 in

138 3769 191 3819 ¹45·
204 3771 232 3813 ²3
259 3755 350 3805 'mith’s
362 3757 428 3807 Dict.
441 3757 469 3805 ol
479 3757 569 3821 Geogr.
582 3771 603 3817 1,
614 3774 639 3822 p.
656 3771 707 3818 154.
756 3758 832 3821 ready
847 3756 953 3820 money!

168 3825 397 3882 Decursionibus‚
410 3824 457 3886 ‘by
474 3822 708 3884 descents,'·=aenrn·
793 3838 829 3888 19.
848 3826 991 3882 Liberum,
1007 3822 1230 3872 ‘unencumbered’

135 3887 238 3947 δρομαῐς,
274 3887 380 3936 Forcell.
793 3903 831 3938 so.
849 3893 921 3937 Aere
935 3925 940 3936 .
954 3925 960 3937 .
972 3891 1180 3937 obstrinxerim.
1215 3889 1285 3937 ‘Aen
1298 3888 1331 3937 al.

167 3967 191 4015 9.
209 3955 325 4001 Rursus.
359 3954 383 4002 It
399 3954 459 4002 does
474 3960 518 4002 not
540 3969 633 4018 appear
653 3953 709 4003 that
758 3953 1051 4017 obstringere'-‘iacere
1062 3961 1088 4002 ut
1100 3953 1190 4016 aliquis
1201 3955 1332 4017 pecuniam

135 4018 237 4081 Antony
259 4018 307 4066 had
332 4019 446 4066 marched
471 4019 578 4082 through
602 4021 707 4076 Etruria,
757 4029 868 4069 mutuam
890 4028 972 4068 sumet
992 4034 1065 4082 seque
1087 4018 1201 4067 creditori
1221 4020 1332 4084 obliget,'

135 4082 178 4130 but
191 4083 384 4131 themovement
399 4083 525 4132 described
535 4085 620 4133 would
634 4085 709 4134 beon
758 4084 863 4134 Forcell.
899 4085 1041 4149 According
1051 4091 1078 4132 to
1090 4084 1157 4131 Dion
1170 4083 1331 4148 Cassius(46.

135 4148 178 4196 the
189 4149 269 4196 whole
281 4166 296 4196 a
308 4149 448 4211 retrograde
459 4165 513 4197 one.
758 4153 811 4213 40),
825 4150 853 4198 L.
865 4151 968 4199 Pontius
978 4149 1072 4213 Aquila
1083 4149 1132 4198 had
1143 4148 1267 4199 lumished
1279 4150 1332 4199 him

170 4226 206 4260 10.
224 4211 337 4271 Atque.
350 4249 356 4261 .
368 4218 523 4264 trensisset.
551 4214 585 4264 So
594 4231 621 4264 as
631 4223 658 4264 to
667 4231 709 4264 sn-
759 4216 820 4264 with
832 4216 900 4281 large
911 4232 985 4265 sums.

135 4279 236 4341 ticipate
248 4281 295 4326 and
308 4288 348 4328 cut
365 4279 401 4327 off
417 4282 520 4343 Antony
529 4281 601 4330 when
612 4282 643 4330 he
654 4282 709 4331 also
793 4286 915 4341 septem,
926 4298 941 4330 n
951 4282 1065 4345 genitive.

134 4344 197 4393 tried
210 4352 236 4391 to
245 4359 313 4393 cross
324 4345 366 4393 the
377 4346 525 4395 mountains.
791 4351 955 4405 Numerum,
969 4351 997 4395 ‘a
1009 4343 1091 4406 sorce,’
1104 4349 1134 4394 ‘a
1147 4343 1265 4394 number.¹

171 4423 207 4458 η.
218 4413 435 4459 Oonfloeretur=
443 4410 594 4474 ‘deleretur'
603 4411 708 4462 ‘should
793 4427 830 4461 ιι.
842 4415 997 4473 Arbitrnre,
1007 4416 1013 4440 ‘
1023 4413 1085 4461 form
1095 4428 1126 4461 an
1136 4410 1256 4476 opinion,’
1269 4409 1332 4472 ‘just

135 4474 322 4539 bedestroyed!
356 4476 463 4528 Forcell.
758 4476 885 4530 consider!
