3030 5542
195 398 256 456 214
540 382 589 439 M.
618 381 777 440 Tc'LLll
802 381 851 441 CI
852 380 1055 442 CERONIS
1247 377 1341 466 [Pane
1358 399 1391 440 11.

191 547 366 612 sulendum
389 569 635 632 capesseremne
657 570 726 613 rem
748 548 914 633 publicam
938 549 1125 633 implicatus
1147 552 1304 629 tenebar3
1333 553 1392 615 sed

191 651 334 716 laetatus
356 662 468 717 tamen
491 674 572 729 sum,
588 655 680 737 quod
704 654 784 717 mihi
807 653 918 717 liceret
941 654 974 716 in
997 654 1114 718 eadem
1135 674 1235 718 causa
1255 666 1289 719 et
1312 656 1392 718 mihi

192 755 285 819 utilia
303 765 336 819 et
359 757 460 820 cuivis
480 756 569 821 bono
586 766 677 820 recta
698 757 881 820 defendere
929 756 1007 821 Huc
1029 758 1167 822 accessit
1190 779 1392 821 commemo-

192 861 294 923 randa
309 862 473 942 quaedam
489 870 524 924 ct
543 861 655 924 divina
672 858 821 924 Caesaris
843 860 876 922 in
895 881 948 924 me
963 860 1164 944 fratremque
1184 881 1295 925 meum
1311 862 1393 926 libe·

168 963 323 1032 5ralitas:
347 964 403 1045 qui
421 964 509 1041 mihi,
520 982 747 1046 quascumque
762 984 814 1027 res
825 974 964 1047 gereret,
976 965 1118 1028 tuendus
1132 975 1219 1028 esset
1232 989 1240 1042 ;
1263 966 1391 1028 nuncin

190 1076 283 1131 tanta
306 1067 462 1132 felicitate
491 1068 658 1150 tantisque
680 1068 833 1143 victoriis,
857 1067 986 1133 etiamsi
1017 1068 1050 1130 in
1074 1086 1133 1131 nos
1156 1089 1222 1132 non
1246 1070 1273 1132 is
1296 1082 1392 1144 esset,

190 1171 247 1252 qui
262 1180 323 1248 est,
338 1181 450 1234 tamen
465 1173 633 1235 ornandus
647 1171 821 1235 videretur.
856 1170 913 1236 Sic
928 1172 1016 1235 enim
1032 1182 1066 1235 te
1081 1172 1272 1237 existimare
1283 1173 1392 1250 velim,

190 1293 265 1337 cum
282 1295 302 1337 a
317 1275 412 1339 vobis
433 1295 526 1338 meae
546 1275 662 1338 salutis
681 1276 872 1339 auctoribus
892 1275 1105 1353 discesserim,
1121 1278 1289 1340 neminem
1312 1297 1392 1353 esse,

190 1379 282 1442 cuius
305 1378 421 1442 officiis
444 1388 590 1441 metam
613 1397 686 1442 esse
707 1378 897 1442 devinctum
927 1398 992 1443 non
1015 1377 1123 1442 solum
1146 1380 1311 1458 confitear,
1333 1382 1392 1445 sed

148 1512 178 1547 ιο
190 1482 290 1545 etiam
306 1483 481 1565 gaudeam.
504 1481 605 1565 Quod
621 1482 778 1563 quoniam
795 1482 856 1546 tibi
872 1482 1021 1564 exposui,
1034 1481 1140 1546 facilia
1155 1493 1232 1546 sunt
1247 1504 1297 1559 ea,
1307 1505 1393 1567 quac
1405 1501 1439 1547 ιο

189 1605 210 1648 a
224 1587 331 1649 mede
342 1585 478 1650 Vatinio
490 1596 523 1650 et
540 1586 582 1649 de
594 1584 714 1650 Crasso
726 1586 884 1668 requiris;
900 1606 977 1649 nam
993 1587 1035 1649 de
1045 1584 1159 1669 Appio
1171 1589 1261 1669 quod
1278 1588 1393 1652 scribis

189 1689 287 1753 sicuti
309 1691 352 1754 de
376 1689 516 1754 Caesare
545 1698 579 1752 te
602 1710 667 1753 non
699 1688 945 1772 reprehendere,
967 1690 1098 1772 gaudeo
1128 1689 1189 1753 tibi
1220 1692 1392 1755 consilium

191 1794 323 1876 probari
337 1813 458 1857 meum.
505 1793 559 1855 De
570 1793 708 1856 Vatinio
724 1802 849 1867 autem,
865 1794 1008 1877 primum
1026 1793 1151 1856 reditus
1167 1793 1394 1860 intercesserat

191 1897 382 1980 ingratiam
399 1917 458 1978 per
480 1896 687 1978 Pompeium,
702 1897 817 1960 statim
835 1906 870 1959 ut
893 1895 948 1959 illc
963 1906 1095 1979 praetor
1114 1906 1164 1960 est
1187 1896 1302 1975 factus,
1317 1919 1392 1962 cum

146 2019 175 2067 ¹5
189 2000 324 2080 quidem
354 2020 417 2082 ego
448 2001 520 2064 cius
553 1999 748 2083 petitionem
780 1999 980 2083 gravissimis
1011 1999 1044 2062 in
1075 2009 1191 2063 senatu
1221 2003 1391 2067 sententiis

189 2122 444 2186 oppugnassem,
464 2123 573 2185 neque
592 2112 661 2167 tam
681 2102 768 2166 illius
784 2102 936 2167 laedendi
956 2123 1056 2167 causa
1076 2123 1177 2185 quam
1195 2104 1391 2170 defendendi

189 2219 290 2291 atque
312 2207 449 2272 ornandi
473 2207 620 2273 Catonis.
667 2208 746 2270 Post
778 2218 890 2271 autem
916 2205 1073 2281 Caesaris,
1096 2214 1133 2270 ut
1163 2206 1255 2270 illum
1279 2207 1390 2273 defen·

189 2313 310 2388 derem,
326 2311 408 2375 mira
423 2311 592 2376 contentio
608 2320 658 2374 est
674 2320 861 2374 consecuta.
908 2309 977 2374 Cur
992 2320 1104 2374 autem
1127 2309 1295 2389 laudarim,
1310 2321 1390 2394 peto

187 2426 267 2492 ate,
282 2425 318 2479 ut
334 2414 367 2478 id
383 2436 404 2478 a
420 2435 474 2479 me
491 2435 574 2479 neve
589 2414 621 2477 in
639 2413 703 2479 hoc
720 2434 776 2478 reo
791 2434 873 2478 neve
889 2413 921 2477 in
939 2412 1012 2477 aliis
1028 2414 1183 2496 requiras,
1199 2434 1239 2478 ne
1254 2414 1312 2478 tibi
1327 2434 1388 2496 ego

145 2551 176 2586 ιο
190 2522 278 2585 idem
295 2539 463 2605 reponam,
479 2539 554 2583 cum
573 2519 721 2583 veneris:
745 2518 877 2582 tametsi
896 2537 1032 2601 possum
1047 2515 1099 2581 vel
1114 2517 1260 2595 absenti3
1282 2535 1388 2581 recor-

188 2707 263 2771 freely
274 2706 431 2770 considering
441 2705 484 2755 the
495 2705 608 2770 question
625 2703 735 2755 whether
752 2704 765 2752 1
850 2706 971 2752 Reditua
984 2740 990 2752 .
1003 2741 1009 2754 .
1021 2706 1054 2752 in
1065 2706 1194 2761 cantiam.
1222 2701 1392 2753 Ontheorder

188 2773 278 2823 should
289 2772 348 2822 take
360 2780 415 2836 part
428 2772 452 2819 in
465 2769 581 2836 politica!
817 2769 847 2818 of
854 2769 896 2818 the
907 2769 996 2829 words,
1008 2784 1048 2882 cp.
1062 2770 1153 2833 Zumpt
1165 2768 1193 2818 1.
1208 2768 1240 2819 G.
1256 2770 1312 2830 788.
1336 2769 1391 2819 The

223 2842 298 2890 a.1n
321 2842 420 2887 eedem
448 2851 538 2894 eausa,
563 2839 612 2884 ‘on
633 2835 675 2886 the
698 2850 766 2884 same
816 2836 876 2883 verb
887 2849 970 2884 cornea
981 2834 1139 2898 earyinthe
1150 2842 1262 2884 oentenoe
1278 2835 1304 2884 in
1321 2834 1392 2883 fami-

205 2902 317 2965 nestion,'
329 2904 375 2952 viz.
388 2900 498 2950 whether
509 2900 621 2950 Caesar's
632 2900 765 2949 command
817 2900 864 2949 liar
875 2899 946 2963 style.

187 2987 199 3019 s
217 2969 278 3019 ould
296 2971 326 3018 be
343 2967 490 3024 continued;
514 2966 556 3015 the
572 2967 723 3030 expediency
740 2965 769 3013 of
853 2979 890 3028 ¹4
909 2966 1014 3013 statim
1030 2970 1071 3014 nt.
1104 2965 1153 3015 Mr.
1166 2964 1189 3028 J.
1202 2964 1232 3014 E.
1247 2962 1337 3029 Yonge
1355 2981 1393 3015 re·

187 3036 268 3084 which
281 3033 451 3083 continuation
466 3032 555 3081 Cicero
572 3030 722 3079 maintained
740 3037 766 3079 at
816 3031 901 3079 marks
916 3030 970 3079 that
982 3028 1037 3079 ‘ut'
1050 3030 1071 3079 is
1080 3038 1125 3079 not
1142 3029 1237 3093 strictly
1254 3030 1392 3094 dependent

187 3100 273 3165 length
284 3099 359 3148 inhia
371 3097 460 3162 speech
476 3097 532 3146 ‘De
549 3096 683 3146 Provinciis
699 3097 765 3145 Con·
817 3110 850 3144 on
865 3093 980 3145 ‘statim’

187 3163 324 3214 sularibus.⁸
852 3170 889 3224 17.
907 3164 1029 3210 Ontonia.
1063 3162 1101 3210 M.
1118 3160 1184 3209 Cato
1205 3159 1278 3209 stood
1295 3159 1334 3209 for
1350 3161 1393 3210 the

221 3244 243 3293 3.
267 3233 341 3288 Huc,
371 3231 414 3276 ‘to
441 3225 483 3276 the
517 3226 627 3290 grounds
663 3224 764 3290 already
816 3226 970 3291 praetorship
992 3226 1089 3290 against
1111 3225 1232 3274 Vatinius.
1279 3225 1326 3291 Cp.
1350 3227 1393 3275 Ad

187 3292 284 3354 stated,’
296 3294 325 3342 of
333 3291 492 3343 aelf-defense
504 3292 552 3340 and
565 3291 650 3355 public
658 3291 764 3341 interest.
816 3292 848 3355 Q.
862 3292 890 3341 F.
905 3306 926 3338 a.
939 3306 963 3355 9,
976 3305 999 3352 3.

220 3375 243 3424 5.
262 3362 320 3417 Qui
348 3361 420 3407 mihi
438 3391 444 3403 .
463 3394 469 3407 .
486 3359 641 3412 videretur,
663 3357 764 3407 ‘whose
850 3357 888 3406 18.
906 3359 1145 3412 manutentio.
1158 3359 1240 3405 ‘most
1256 3363 1344 3420 urgent
1355 3372 1392 3407 re·

188 3426 272 3490 public
299 3424 402 3473 services
429 3422 479 3470 and
512 3423 606 3486 private
639 3422 764 3485 liberality
816 3419 1009 3488 presentations.'

187 3491 271 3540 would
282 3489 343 3539 each
354 3486 475 3551 severally
489 3486 574 3550 justify
585 3487 627 3536 the
643 3488 764 3536 honourI
851 3501 888 3551 19.
905 3490 985 3536 Nove
1009 3523 1016 3536 .
1039 3523 1045 3535 .
1068 3501 1156 3536 neve:
1184 3485 1222 3534 for
1241 3487 1283 3536 the
1303 3487 1392 3552 simple

186 3556 250 3607 have
272 3555 358 3604 shown
381 3549 450 3602 him!
490 3552 531 3602 On
554 3553 596 3602 the
618 3553 662 3602 aid
681 3553 763 3602 which
815 3556 861 3602 ‘ne
879 3590 886 3602 .
904 3587 911 3600 .
927 3550 1024 3617 neque,'
1039 3567 1079 3617 cp.
1100 3552 1186 3601 Madv.
1205 3566 1263 3616 459.
1296 3554 1321 3601 Α
1338 3568 1393 3603 rnre

187 3622 275 3672 Cicero
297 3619 408 3669 received
428 3617 492 3666 from
512 3618 610 3675 Caesar,
631 3634 671 3683 cp.
690 3618 762 3680 infra,
815 3634 898 3683 usage.

187 3691 255 3747 ⁵²¹·
849 3697 887 3732 ao.
906 3684 987 3731 Idem
1009 3697 1152 3742 reponam,
1175 3684 1236 3747 ‘pat
1259 3683 1301 3732 the
1324 3698 1393 3734 same

220 3754 243 3801 8.
261 3753 360 3800 Ourna
376 3752 459 3799 vobin
483 3786 490 3798 .
515 3783 521 3796 .
544 3751 758 3804 ἀπειθικὼς
814 3749 927 3814 question
938 3757 965 3797 to
976 3745 1171 3811 youinretum.'
1197 3747 1388 3812 ‘Reponere,’=

188 3816 272 3867 ‘vobis
299 3815 424 3880 exeeptis'
449 3814 579 3877 (Foroell.)
606 3816 674 3864 ‘that
701 3814 764 3864 after
815 3809 1056 3878 'parparireferre'
1090 3811 1195 3862 Forcell.

186 3898 242 3947 yon,
256 3881 298 3932 the
310 3881 410 3930 authors
422 3879 451 3929 of
465 3897 507 3944 my
518 3880 683 3944 safety,1nm
695 3896 764 3929 more
848 3882 902 3928 Vel
919 3882 1038 3937 absenti,
1052 3894 1086 3928 sc.
1099 3875 1248 3942 ‘reponere'
1282 3878 1330 3943 Cp.
1343 3879 1392 3944 Ep.

186 3947 301 4000 indebted
312 3954 340 3996 to
352 3947 443 3996 Caesar
453 3946 513 3996 thau
528 3954 555 3996 to
572 3962 621 4009 any
632 3961 678 3993 one
696 3943 763 3995 else!
816 3956 856 4005 23,
870 3957 894 4003 a,
905 3953 972 4003 note,
984 3944 1023 3992 for
1034 3944 1076 3993 the
1087 3942 1182 4007 ellipse.

185 4013 296 4063 ‘Vobis’
314 4012 435 4077 probably
451 4013 525 4062 refers
541 4020 569 4060 to
586 4012 698 4075 Pompey
714 4010 764 4059 and
847 4012 1006 4059 Recordare
1034 4046 1041 4059 .
1069 4045 1075 4058 .
1103 4012 1224 4067 naboris,
1259 4008 1312 4058 ‘for
1341 4009 1393 4072 just

188 4078 313 4129 lentulus.
814 4075 951 4124 remember
978 4076 1004 4123 in
1026 4074 1110 4124 whose
1137 4074 1225 4122 favour
1252 4090 1302 4137 you
1329 4074 1393 4125 have

220 4157 257 4194 10.
275 4146 467 4207 Pacilianam
484 4176 491 4190 .
509 4178 515 4190 .
532 4156 641 4191 meum:
659 4156 698 4205 ep.
713 4145 726 4200 5
739 4155 763 4203 4,
814 4147 868 4189 sent
892 4140 976 4190 letters
1003 4139 1032 4188 of
1056 4140 1148 4203 eulogy
1170 4138 1234 4187 from
1259 4139 1301 4187 the
1327 4149 1393 4190 most

184 4218 250 4261 note.
814 4204 907 4254 distent
936 4201 1062 4270 regions'.
1098 4206 1187 4254 Cioero
1219 4204 1314 4253 needed
1347 4212 1392 4255 not

220 4289 257 4337 13.
275 4277 402 4323 Primum
414 4309 420 4321 .
434 4309 440 4320 .
452 4274 629 4329 Pompeium,
641 4268 699 4319 ‘the
711 4269 763 4319 first
813 4278 842 4319 to
857 4271 916 4320 wait
934 4270 972 4319 for
988 4269 1114 4319 Lentulus'
1132 4280 1213 4319 return
1232 4278 1259 4318 to
1276 4286 1316 4318 see
1333 4269 1392 4319 how

184 4349 238 4406 step
250 4347 276 4390 to
289 4356 334 4388 our
346 4338 451 4401 friendly
461 4337 579 4386 relations
590 4350 641 4384 was
652 4351 667 4383 a
678 4350 763 4385 recon-
813 4334 846 4384 he
867 4335 985 4385 behaved.
1024 4335 1152 4395 lentulus,
1175 4334 1322 4399 apparently
1342 4335 1392 4384 had

185 4406 295 4457 eiliation
314 4403 422 4466 brought
441 4403 518 4451 about
536 4402 569 4464 by
586 4401 698 4463 Pompey
711 4399 762 4462 jnst
814 4400 881 4449 often
909 4402 1005 4450 written
1037 4400 1121 4450 letters
1154 4399 1219 4448 from
1251 4400 1329 4463 Spain
1363 4417 1392 4449 or

184 4472 247 4521 after
257 4470 372 4519 Vatinius
384 4482 434 4516 was
447 4465 542 4515 elected
554 4462 669 4528 praetor,’
680 4465 723 4516 i.e.
735 4466 761 4513 in
814 4464 912 4526 Cilicia,
931 4466 1058 4530 testifying
1075 4467 1100 4514 in
1117 4466 1204 4514 favour
1219 4464 1249 4513 of
1261 4464 1392 4515 worthless

185 4550 216 4600 55
230 4546 287 4586 ne.
321 4535 369 4598 Cp.
383 4533 442 4582 lntr.
455 4539 482 4582 to
494 4532 552 4579 Part
563 4529 662 4591 11‚58.
814 4545 879 4580 men.
