3030 5542
187 392 248 454 apo
532 374 581 432 M.
610 373 768 430 TULLII
794 370 1048 432 CICERONIS
1236 364 1331 454 [Pam
1348 386 1384 428 11.

184 547 283 629 igitur
305 556 447 619 senatus,
470 555 506 607 ut
539 544 589 607 ius
621 544 782 607 diceretur
807 563 847 606 cx
867 543 930 606 ista
953 541 1151 624 syngrapha.
1198 540 1295 604 Nunc
1317 540 1382 604 ista

184 649 284 712 habet
316 650 393 711 iuris
425 649 523 725 idem,
545 649 636 731 quod
667 658 805 721 ceterae,
828 646 909 709 nihil
941 645 1119 729 praecipui.
1167 645 1262 709 Haec
1284 666 1304 708 a
1327 666 1417 714 mes

184 755 298 817 ordine
313 752 400 816 lacta
411 761 493 835 puto
506 771 559 814 me
572 752 676 815 Bruto
689 752 914 834 probaturum,
927 751 988 814 tibi
1002 751 1112 813 nescio
1125 772 1133 828 ;
1157 749 1278 814 Catoni
1291 759 1381 814 certe

184 852 343 935 probabo.
391 850 459 917 Sed
481 851 547 913 iam
570 852 613 914 ad
636 861 670 915 te
693 852 801 934 ipsum
824 861 989 914 revertor:
1013 850 1068 914 ain
1090 852 1238 929 tandem,
1257 848 1384 927 Attice,

155 988 169 1037 5
185 956 337 1020 laudator
352 955 549 1037 integritatis
564 964 596 1018 et
612 953 797 1037 elegantiae
809 963 949 1028 nostrae,

536 1091 622 1129 ausus
640 1092 671 1130 es
690 1076 744 1130 hoc
762 1093 796 1130 ex
814 1090 862 1130 ore
880 1084 1023 1129 tuo--.

183 1188 289 1270 inquit
307 1187 443 1261 Ennius,
459 1197 496 1251 ut
511 1189 638 1270 equites
655 1188 791 1271 Scaptio
807 1189 849 1252 ad
866 1189 1040 1272 pecuniam
1056 1190 1241 1272 cogendam
1257 1189 1382 1265 darem,

184 1312 237 1357 me
248 1298 388 1375 rogare?
410 1312 453 1356 an
468 1303 504 1356 tu
517 1293 544 1356 si
557 1312 686 1356 mecum
698 1313 796 1369 esses,
808 1295 865 1376 qui
878 1294 992 1358 scribis
1005 1294 1148 1358 morderi
1159 1304 1194 1357 te
1207 1294 1384 1371 interdum,

183 1398 275 1479 quod
291 1417 356 1459 non
371 1395 469 1460 simul
485 1398 538 1473 sis,
554 1407 703 1479 paterere
719 1418 772 1462 me
788 1399 821 1460 id
836 1396 952 1475 lacere,
967 1399 994 1462 si
1010 1399 1154 1462 vellem?
1198 1403 1206 1429 ‘
1219 1398 1297 1462 Non
1312 1419 1384 1463 am-

140 1525 171 1560 10
184 1496 287 1582 plius’
306 1501 413 1583 inquis
430 1499 708 1583 ‘quinquaginta’
754 1501 839 1565 cum
857 1501 1018 1584 Spartaco
1039 1504 1145 1565 minus
1169 1502 1263 1565 multi
1274 1503 1383 1585 primo

183 1604 331 1667 suerunt:
356 1605 435 1686 quid
458 1606 595 1668 tandem
618 1605 671 1668 isti
696 1604 772 1667 mali
796 1604 828 1667 in
851 1614 920 1668 tarn
940 1614 1053 1668 tenera
1073 1605 1180 1669 insula
1200 1626 1265 1669 non
1288 1606 1383 1670 secis-

183 1709 279 1767 sent?
306 1724 372 1766 non
395 1704 548 1768 fecissent
570 1709 706 1767 autern?
737 1704 840 1768 immo
862 1705 941 1787 quid
965 1714 1043 1768 ante
1066 1705 1244 1769 adventum
1269 1726 1380 1769 meum

184 1827 249 1870 non
262 1808 429 1871 feceruut?
461 1808 629 1872 Inclusum
642 1810 675 1870 in
690 1808 781 1872 curia
796 1820 947 1872 senatum
964 1809 1149 1873 habuerunt
1164 1808 1382 1874 Salaminium

184 1909 230 1970 ita
253 1908 376 1970 multos
399 1908 478 1984 dies
502 1918 538 1971 ut
561 1908 742 1971 interierint
766 1928 832 1971 non
854 1908 933 1971 nulli
956 1908 1061 1985 same;
1086 1919 1157 1973 erat
1182 1911 1267 1972 enirn
1291 1930 1385 1991 prae·

138 2041 168 2091 15
183 2007 287 2071 iectus
302 2005 407 2091 Appii
423 2006 579 2090 Scaptius
595 2017 628 2071 et
644 2008 790 2072 habebat
805 2019 931 2072 turmas
946 2008 989 2071 ab
1002 2006 1127 2090 Appio.
1160 2009 1199 2072 ld
1216 2028 1269 2071 me
1285 2009 1385 2092 igitur

183 2121 230 2187 tu,
252 2112 346 2174 cuius
369 2112 552 2175 mehercule
575 2133 612 2176 os
635 2112 715 2175 mihi
739 2122 816 2176 ante
839 2111 952 2176 oculos
975 2110 1059 2175 solet
1081 2113 1215 2187 versari,
1239 2133 1313 2176 curn
1337 2114 1381 2176 de

182 2215 293 2297 aliquo
308 2215 416 2278 officio
432 2236 469 2279 ac
485 2214 584 2279 laude
599 2218 719 2299 cogito,
734 2227 770 2280 tu
789 2237 850 2294 me,
866 2217 1011 2298 inquam,
1024 2237 1131 2299 rogas,
1144 2217 1329 2298 praefectus
1344 2227 1382 2281 ut

183 2318 338 2403 Scaptius
353 2319 420 2382 sit?
457 2319 553 2383 Alias
569 2320 631 2383 hoc
651 2331 880 2395 statueramus,
896 2330 933 2383 ut
951 2320 1191 2402 negotiatorem
1207 2320 1383 2399 neminem,

183 2424 282 2505 idque
299 2423 401 2487 Bruto
416 2425 681 2505 probaveramus.
723 2425 857 2489 Habeat
874 2425 902 2487 is
916 2430 1065 2487 turmas?
1087 2445 1145 2488 cur
1156 2425 1266 2507 potius
1281 2443 1415 2506 quamn

137 2528 357 2599 20c0hortes?
379 2538 513 2610 sumptu
537 2529 604 2592 iam
627 2549 729 2613 nepos
750 2529 862 2593 evadit
885 2528 1050 2611 Scaptius.
1095 2526 1257 2592 ‘Volunt'
1274 2527 1384 2610 inquit

183 2628 385 2715 ‘principes'
431 2631 529 2696 Scio:
552 2653 629 2696 narn
652 2636 695 2697 ad
720 2655 773 2696 me
797 2632 968 2716 Ephesum
993 2654 1097 2715 usque
1119 2643 1279 2696 venerunt
1302 2631 1382 2695 flen-

182 2747 298 2817 tesque
314 2737 461 2818 equitum
478 2736 601 2800 scelera
618 2747 651 2800 et
668 2739 813 2801 miserias
825 2757 901 2800 suas
914 2736 1123 2810 detulerunt3
1147 2737 1258 2819 itaque
1270 2736 1383 2799 statim

182 2842 260 2905 dedi
277 2841 413 2916 litteras,
430 2850 466 2904 ut
486 2862 530 2904 ex
551 2841 665 2925 Cypro
685 2843 812 2924 equites
833 2850 910 2905 ante
930 2850 1053 2905 certam
1070 2842 1157 2903 diem
1174 2841 1380 2914 decederent,

218 3029 237 3065 1.
257 3018 341 3065 Nunc
364 3019 421 3065 iata
443 3019 530 3066 habet
546 3054 553 3067 .
571 3053 578 3066 .
596 3019 757 3073 praecipui:
842 3028 880 3079 17.
894 3018 1064 3065 Praefectus.
1075 3015 1103 3063 ln
1110 3015 1152 3064 the
1161 3014 1385 3079 prorineesamili-

181 3096 220 3144 cp.
234 3081 280 3144 Ep.
294 3080 333 3143 36,
350 3095 387 3142 12,
400 3090 465 3131 note.
807 3089 861 3144 tary
879 3081 963 3130 offieer
979 3098 1057 3130 seems
1072 3088 1099 3130 to
1117 3082 1147 3131 be
1165 3081 1271 3130 denoted
1290 3081 1322 3144 by
1336 3083 1386 3130 this

218 3159 239 3206 3.
257 3151 369 3207 Nescio,
394 3163 427 3196 sc.
453 3151 497 3196 ‘au
520 3149 670 3211 probaturus
696 3146 759 3196 sim.’
807 3147 870 3196 title.
898 3149 947 3210 Cp.
957 3148 1003 3212 Ep.
1016 3161 1053 3210 η,
1062 3160 1084 3207 3,
1095 3157 1152 3195 note
1161 3145 1385 3210 on‘praelectura.’

182 3212 492 3276 Ou‘probare’withacc.
500 3214 549 3262 aud
557 3214 615 3274 dat,
625 3229 664 3277 cp.
674 3214 760 3261 Madv.
843 3213 988 3325 18.iA‚lias,
1018 3220 1057 3261 ‘at
1084 3212 1188 3262 another
1214 3211 1292 3271 time:
1318 3218 1385 3276 ‘pre-

184 3293 196 3325 2
217 3292 238 3338 2,
252 3279 313 3328 Obs.
327 3293 348 3328 1.
807 3278 878 3327 vious
906 3315 912 3328 .

200 3300 237 3407 ⁴5.
256 3347 431 3404 Elagantlaa,
462 3341 618 3409 ‘proprietyss
644 3343 760 3408 ‘purity’
841 3295 1001 3404 asininam,
1013 3360 1046 3393 sc.
1060 3342 1385 3408 ‘praelectumlaceremus’

182 3410 228 3473 Cp.
241 3410 289 3458 Pro
302 3410 363 3459 Sull.
377 3412 416 3468 28,
429 3419 467 3473 79.
841 3424 880 3459 20.
899 3414 1021 3467 sumptu
1033 3446 1039 3458 .
1052 3446 1058 3457 .
1073 3414 1211 3467 Scaptius,
1225 3409 1353 3473 ‘Scaptius
1365 3410 1386 3457 is

216 3485 237 3538 7.
255 3478 362 3533 Inquit.
398 3475 513 3523 Wesenb.
523 3475 568 3522 has
582 3476 624 3522 ‘ut
635 3473 732 3539 inquit'
807 3476 938 3539 becomiug
949 3477 1017 3540 quite
1027 3483 1188 3539 extravagnnt
1206 3477 1230 3524 in
1246 3475 1285 3522 his
1295 3490 1387 3538 expen-

215 3542 238 3590 8.
264 3544 398 3599 Mordari,
427 3544 485 3588 ‘are
513 3540 667 3590 tormented.'
710 3541 758 3605 Cp.
807 3539 902 3600 ditare,’
926 3541 1037 3590 ironieal.
1081 3542 1122 3589 He
1151 3541 1235 3589 would
1263 3540 1386 3604 probably

181 3606 256 3655 Tuse.
270 3606 341 3670 Disp.
354 3619 377 3666 3.
390 3620 430 3668 34,
443 3608 482 3653 82.
807 3607 868 3655 oller
879 3616 905 3655 to
923 3622 972 3670 pay
984 3608 1025 3655 the
1040 3616 1124 3670 troops
1141 3606 1229 3669 placed
1243 3615 1269 3655 at
1285 3606 1324 3654 his
1335 3606 1385 3654 dis-

213 3686 236 3735 o
265 3674 331 3720 Non
357 3675 479 3728 amplius
496 3707 503 3718 .
522 3709 528 3722 .
546 3675 761 3730 quinquaginta.
807 3672 1386 3737 posal,audcavalrywouldbemoreexpensive

181 3738 228 3801 Cp.
241 3737 354 3801 Matlsig,
368 3736 423 3798 306.
806 3738 866 3787 than
878 3738 992 3802 infantry.

217 3815 254 3850 ro.
272 3806 342 3851 cum
360 3806 503 3863 Spartaco,
516 3820 586 3868 supp.
599 3805 665 3853 ‘and
677 3813 717 3867 yet
728 3805 760 3854 he
840 3807 962 3853 Volunt.
975 3840 981 3853 .
996 3808 1147 3864 principes,
1160 3803 1243 3853 “‘the
1259 3803 1345 3851 nobles
1360 3803 1389 3852 ol

180 3868 224 3916 did
233 3866 348 3916 mischiel
357 3867 472 3932 enough!
507 3871 561 3919 The
569 3871 673 3919 nurnber
682 3872 711 3919 ol
719 3870 760 3921 the
807 3868 913 3919 Salamis
931 3870 984 3918 will
1006 3870 1069 3919 have
1087 3871 1107 3918 it
1130 3867 1181 3918 so”
1196 3869 1227 3917 he
1248 3869 1385 3933 (Scaptius)

181 3933 289 3997 original
297 3934 422 3984 followers
431 3935 459 3983 ol
467 3935 599 4000 Spartacus
608 3938 629 3985 is
635 3937 761 4001 variously
806 3937 878 3999 saya'
891 3936 934 3984 i.e.
948 3937 983 3984 ‘it
1000 3935 1021 3984 is
1033 3936 1097 3984 their
1108 3933 1186 3994 fault,'
1197 3935 1301 3997 Tyrrell.
1335 3936 1384 3998 Cp.

180 4000 262 4063 given.
298 4000 393 4057 Florus,
406 4015 429 4062 3.
444 4015 481 4061 20,
494 4011 608 4065 supports
619 4002 715 4052 Cicero.
807 4001 870 4049 ‘hoc
903 4000 1048 4057 voluerunt,'
1080 4002 1162 4049 words
1190 3999 1326 4049 attributed
1356 4009 1385 4049 to

216 4078 254 4116 11.
271 4069 388 4122 manera,
407 4067 574 4126 ‘unwarlilre’
587 4067 758 4119 ‘effeminata’
807 4067 898 4117 Caesar
916 4067 979 4116 alter
995 4068 1037 4116 the
1055 4067 1131 4116 battle
1150 4065 1179 4115 ol
1189 4066 1328 4126 Pharsalus,
1344 4082 1386 4130 ap.

216 4143 253 4180 12.
273 4136 340 4181 Non
351 4135 485 4182 fecissent
497 4139 614 4183 autem?
627 4137 633 4160 ‘
644 4135 677 4183 do
690 4134 703 4183 1
715 4151 760 4200 say
805 4132 872 4183 Suet.
885 4132 932 4182 Iul.
944 4147 984 4194 30.

182 4198 289 4248 “would
310 4207 354 4248 not
376 4199 440 4249 have
461 4196 583 4250 doae'’l'
623 4199 671 4265 Cp.
696 4203 709 4259 ς
736 4216 758 4264 1,
840 4213 878 4248 21.
897 4196 1264 4260 Solo,‘nodoubt,'ironical.

180 4272 246 4314 note.
840 4278 879 4315 22.
898 4269 1009 4314 Statim.
1044 4265 1099 4313 The
1111 4265 1182 4313 order
1192 4279 1272 4312 seems
1284 4271 1311 4311 to
1322 4261 1386 4312 have

216 4343 253 4390 13.
272 4333 420 4379 Inclusum
432 4367 438 4380 .
453 4334 632 4380 ‚habuerunt
643 4349 649 4380 ε
661 4346 700 4395 cp.
710 4332 757 4397 Ep.
804 4330 1216 4395 beengivenalterCicero’sarrival
1225 4329 1387 4386 atLaodicea.

182 4394 220 4456 36,
235 4409 273 4458 13,
286 4406 352 4451 note.
364 4396 403 4445 sor
414 4396 456 4446 the
467 4398 640 4447 construction.
804 4395 885 4445 which
897 4395 929 4447 be
937 4397 1042 4446 reached
1053 4396 1112 4460 July
1119 4409 1159 4458 31.
1193 4395 1241 4460 Cp.
1252 4397 1299 4460 Ep.
1310 4408 1350 4455 32,
1363 4409 1385 4456 2,

216 4460 253 4510 16.
273 4464 757 4525 nouiquooffloioaclauda‘about
804 4462 864 4511 with
881 4463 923 4510 Ad
939 4464 993 4511 Att.
1012 4477 1034 4522 5.
1053 4475 1091 4525 15,
1112 4476 1122 4509 1
1143 4463 1231 4512 ando.
1249 4475 1272 4523 1,
1292 4461 1308 4511 6
1319 4479 1327 4522 5
1346 4477 1387 4511 see

180 4527 302 4591 anytbing
312 4529 377 4592 right
388 4529 437 4578 aad
448 4528 617 4580 honourable.’
804 4528 858 4577 also
868 4527 898 4577 1.
911 4527 985 4591 Moll,
998 4528 1101 4578 Dissert
1114 4544 1138 4593 p.
1153 4531 1191 4579 18.
