<?xml version="1.0" encoding="UTF-8"?>
<!DOCTYPE html PUBLIC "-//W3C//DTD XHTML 1.0 Transitional//EN"
    "http://www.w3.org/TR/xhtml1/DTD/xhtml1-transitional.dtd">
<html xmlns="http://www.w3.org/1999/xhtml" xml:lang="en" lang="en">
 <head>
  <title>
</title>
<meta http-equiv="Content-Type" content="text/html;charset=utf-8" />
  <meta name='ocr-system' content='tesseract 3.04.00' />
  <meta name='ocr-capabilities' content='ocr_page ocr_carea ocr_par ocr_line ocrx_word'/>
</head>
<body>
  <div class='ocr_page' id='page_1' title='image "./cicero00cicegoog_0382.png"; bbox 0 0 3030 5542; ppageno 0'>
   <div class='ocr_carea' id='block_1_1' title="bbox 182 342 1387 436">
    <p class='ocr_par' dir='ltr' id='par_1_1' title="bbox 182 342 1387 436">
     <span class='ocr_line' id='line_1_1' title="bbox 182 342 1387 436; baseline 0.006 -25"><span class='ocrx_word' id='word_1_1' title='bbox 182 364 232 411; x_wconf 75' lang='lat' dir='ltr'>aa.</span> <span class='ocrx_word' id='word_1_2' title='bbox 247 342 316 436; x_wconf 87' lang='lat'>56.]</span> <span class='ocrx_word' id='word_1_3' title='bbox 543 349 609 411; x_wconf 78' lang='lat' dir='ltr'>AD</span> <span class='ocrx_word' id='word_1_4' title='bbox 630 349 850 413; x_wconf 78' lang='lat' dir='ltr'><em>ATTICUM</em></span> <span class='ocrx_word' id='word_1_5' title='bbox 876 348 968 411; x_wconf 77' lang='lat' dir='ltr'>l’Jll.</span> <span class='ocrx_word' id='word_1_6' title='bbox 996 366 1045 414; x_wconf 84' lang='lat'>11.</span> <span class='ocrx_word' id='word_1_7' title='bbox 1324 366 1387 434; x_wconf 82' lang='lat'>333</span> 
     </span>
    </p>
   </div>
   <div class='ocr_carea' id='block_1_2' title="bbox 181 519 1387 666">
    <p class='ocr_par' dir='ltr' id='par_1_2' title="bbox 181 519 1387 666">
     <span class='ocr_line' id='line_1_2' title="bbox 182 519 1387 585; baseline 0 -16"><span class='ocrx_word' id='word_1_8' title='bbox 182 519 251 570; x_wconf 86' lang='lat' dir='ltr'>what</span> <span class='ocrx_word' id='word_1_9' title='bbox 267 520 336 584; x_wconf 89' lang='lat' dir='ltr'>good</span> <span class='ocrx_word' id='word_1_10' title='bbox 352 521 453 570; x_wconf 82' lang='lat' dir='ltr'>citizens</span> <span class='ocrx_word' id='word_1_11' title='bbox 469 536 513 584; x_wconf 89' lang='lat' dir='ltr'>say</span> <span class='ocrx_word' id='word_1_12' title='bbox 530 526 556 570; x_wconf 86' lang='lat' dir='ltr'>at</span> <span class='ocrx_word' id='word_1_13' title='bbox 575 520 665 583; x_wconf 88' lang='lat' dir='ltr'>Rome,</span> <span class='ocrx_word' id='word_1_14' title='bbox 677 521 727 571; x_wconf 89' lang='lat' dir='ltr'>and</span> <span class='ocrx_word' id='word_1_15' title='bbox 739 520 800 571; x_wconf 88' lang='lat' dir='ltr'>send</span> <span class='ocrx_word' id='word_1_16' title='bbox 815 536 856 570; x_wconf 89' lang='lat' dir='ltr'>me</span> <span class='ocrx_word' id='word_1_17' title='bbox 873 521 915 570; x_wconf 88' lang='lat' dir='ltr'>the</span> <span class='ocrx_word' id='word_1_18' title='bbox 928 521 996 571; x_wconf 87' lang='lat' dir='ltr'>boolr</span> <span class='ocrx_word' id='word_1_19' title='bbox 1009 520 1038 570; x_wconf 94' lang='lat' dir='ltr'>of</span> <span class='ocrx_word' id='word_1_20' title='bbox 1048 520 1190 571; x_wconf 89' lang='lat' dir='ltr'>Demetrius</span> <span class='ocrx_word' id='word_1_21' title='bbox 1204 519 1233 570; x_wconf 91' lang='lat' dir='ltr'>of</span> <span class='ocrx_word' id='word_1_22' title='bbox 1247 519 1387 585; x_wconf 77' lang='lat' dir='ltr'>Magnesia,</span> 
     </span>
     <span class='ocr_line' id='line_1_3' title="bbox 181 598 377 666; baseline -0.015 -16"><span class='ocrx_word' id='word_1_23' title='bbox 181 615 251 666; x_wconf 86' lang='lat' dir='ltr'>upon</span> <span class='ocrx_word' id='word_1_24' title='bbox 262 598 377 657; x_wconf 86' lang='lat' dir='ltr'><strong>concord,</strong></span> 
     </span>
    </p>
   </div>
   <div class='ocr_carea' id='block_1_3' title="bbox 599 715 970 768">
    <p class='ocr_par' dir='ltr' id='par_1_3' title="bbox 599 715 970 768">
     <span class='ocr_line' id='line_1_4' title="bbox 599 715 970 768; baseline -0.003 0"><span class='ocrx_word' id='word_1_25' title='bbox 599 717 731 768; x_wconf 88' lang='lat' dir='ltr'>CICERO</span> <span class='ocrx_word' id='word_1_26' title='bbox 749 716 882 767; x_wconf 79' lang='lat' dir='ltr'>ATTICO</span> <span class='ocrx_word' id='word_1_27' title='bbox 899 715 970 768; x_wconf 80' lang='lat' dir='ltr'>SAL.</span> 
     </span>
    </p>
   </div>
   <div class='ocr_carea' id='block_1_4' title="bbox 150 834 1433 2690">
    <p class='ocr_par' dir='ltr' id='par_1_4' title="bbox 150 834 1433 2273">
     <span class='ocr_line' id='line_1_5' title="bbox 150 834 1386 921; baseline -0.002 -17"><span class='ocrx_word' id='word_1_28' title='bbox 150 857 169 904; x_wconf 84' lang='lat'>1</span> <span class='ocrx_word' id='word_1_29' title='bbox 227 834 326 918; x_wconf 89' lang='lat' dir='ltr'>Quod</span> <span class='ocrx_word' id='word_1_30' title='bbox 344 856 398 899; x_wconf 92' lang='lat' dir='ltr'>me</span> <span class='ocrx_word' id='word_1_31' title='bbox 413 856 535 919; x_wconf 89' lang='lat' dir='ltr'>magno</span> <span class='ocrx_word' id='word_1_32' title='bbox 550 836 652 899; x_wconf 92' lang='lat' dir='ltr'>animi</span> <span class='ocrx_word' id='word_1_33' title='bbox 667 845 760 899; x_wconf 91' lang='lat' dir='ltr'>motu</span> <span class='ocrx_word' id='word_1_34' title='bbox 773 836 1002 918; x_wconf 82' lang='lat' dir='ltr'>perturbatum</span> <span class='ocrx_word' id='word_1_35' title='bbox 1013 847 1120 919; x_wconf 87' lang='lat' dir='ltr'>putas,</span> <span class='ocrx_word' id='word_1_36' title='bbox 1132 857 1206 900; x_wconf 92' lang='lat' dir='ltr'>sum</span> <span class='ocrx_word' id='word_1_37' title='bbox 1222 837 1386 921; x_wconf 81' lang='lat' dir='ltr'>equidem,</span> 
     </span>
     <span class='ocr_line' id='line_1_6' title="bbox 182 939 1385 1023; baseline 0.002 -21"><span class='ocrx_word' id='word_1_38' title='bbox 182 939 242 1002; x_wconf 90' lang='lat' dir='ltr'>sed</span> <span class='ocrx_word' id='word_1_39' title='bbox 265 961 331 1003; x_wconf 93' lang='lat' dir='ltr'>non</span> <span class='ocrx_word' id='word_1_40' title='bbox 354 951 423 1004; x_wconf 89' lang='lat' dir='ltr'>tam</span> <span class='ocrx_word' id='word_1_41' title='bbox 447 960 570 1023; x_wconf 87' lang='lat' dir='ltr'>magno</span> <span class='ocrx_word' id='word_1_42' title='bbox 593 961 695 1023; x_wconf 91' lang='lat' dir='ltr'>quam</span> <span class='ocrx_word' id='word_1_43' title='bbox 722 940 784 1003; x_wconf 84' lang='lat' dir='ltr'>tibi</span> <span class='ocrx_word' id='word_1_44' title='bbox 812 939 951 1004; x_wconf 84' lang='lat' dir='ltr'>fortasse</span> <span class='ocrx_word' id='word_1_45' title='bbox 976 941 1110 1019; x_wconf 87' lang='lat' dir='ltr'>videor;</span> <span class='ocrx_word' id='word_1_46' title='bbox 1140 941 1269 1005; x_wconf 87' lang='lat' dir='ltr'>levatur</span> <span class='ocrx_word' id='word_1_47' title='bbox 1298 943 1385 1005; x_wconf 89' lang='lat' dir='ltr'>enim</span> 
     </span>
     <span class='ocr_line' id='line_1_7' title="bbox 182 1043 1385 1128; baseline 0 -21"><span class='ocrx_word' id='word_1_48' title='bbox 182 1043 291 1107; x_wconf 87' lang='lat' dir='ltr'>omnis</span> <span class='ocrx_word' id='word_1_49' title='bbox 322 1063 408 1119; x_wconf 87' lang='lat' dir='ltr'>cura,</span> <span class='ocrx_word' id='word_1_50' title='bbox 431 1065 506 1108; x_wconf 91' lang='lat' dir='ltr'>cum</span> <span class='ocrx_word' id='word_1_51' title='bbox 538 1056 595 1109; x_wconf 87' lang='lat' dir='ltr'>aut</span> <span class='ocrx_word' id='word_1_52' title='bbox 627 1044 777 1107; x_wconf 91' lang='lat' dir='ltr'>constitit</span> <span class='ocrx_word' id='word_1_53' title='bbox 804 1044 975 1108; x_wconf 91' lang='lat' dir='ltr'>consilium</span> <span class='ocrx_word' id='word_1_54' title='bbox 1006 1054 1064 1109; x_wconf 86' lang='lat' dir='ltr'>aut</span> <span class='ocrx_word' id='word_1_55' title='bbox 1094 1045 1273 1128; x_wconf 91' lang='lat' dir='ltr'>cogitando</span> <span class='ocrx_word' id='word_1_56' title='bbox 1306 1045 1385 1108; x_wconf 89' lang='lat' dir='ltr'>nihil</span> 
     </span>
     <span class='ocr_line' id='line_1_8' title="bbox 183 1146 1386 1229; baseline 0.001 -20"><span class='ocrx_word' id='word_1_57' title='bbox 183 1146 390 1229; x_wconf 87' lang='lat' dir='ltr'>explicatur;</span> <span class='ocrx_word' id='word_1_58' title='bbox 413 1146 586 1212; x_wconf 86' lang='lat' dir='ltr'>lamentari</span> <span class='ocrx_word' id='word_1_59' title='bbox 602 1157 714 1211; x_wconf 90' lang='lat' dir='ltr'>autem</span> <span class='ocrx_word' id='word_1_60' title='bbox 732 1146 818 1210; x_wconf 88' lang='lat' dir='ltr'>licet.</span> <span class='ocrx_word' id='word_1_61' title='bbox 865 1147 953 1211; x_wconf 88' lang='lat' dir='ltr'>illud</span> <span class='ocrx_word' id='word_1_62' title='bbox 970 1157 1084 1212; x_wconf 90' lang='lat' dir='ltr'>tamen</span> <span class='ocrx_word' id='word_1_63' title='bbox 1100 1156 1190 1212; x_wconf 92' lang='lat' dir='ltr'>totos</span> <span class='ocrx_word' id='word_1_64' title='bbox 1212 1148 1303 1224; x_wconf 90' lang='lat' dir='ltr'>dies;</span> <span class='ocrx_word' id='word_1_65' title='bbox 1326 1147 1386 1211; x_wconf 90' lang='lat' dir='ltr'>sed</span> 
     </span>
     <span class='ocr_line' id='line_1_9' title="bbox 182 1249 1415 1333; baseline 0.001 -20"><span class='ocrx_word' id='word_1_66' title='bbox 182 1269 299 1315; x_wconf 88' lang='lat' dir='ltr'>vereor</span> <span class='ocrx_word' id='word_1_67' title='bbox 320 1272 371 1328; x_wconf 91' lang='lat' dir='ltr'>ne,</span> <span class='ocrx_word' id='word_1_68' title='bbox 394 1251 474 1314; x_wconf 88' lang='lat' dir='ltr'>nihil</span> <span class='ocrx_word' id='word_1_69' title='bbox 500 1271 575 1316; x_wconf 96' lang='lat' dir='ltr'>cum</span> <span class='ocrx_word' id='word_1_70' title='bbox 601 1249 781 1333; x_wconf 87' lang='lat' dir='ltr'>proficiam,</span> <span class='ocrx_word' id='word_1_71' title='bbox 804 1251 906 1315; x_wconf 91' lang='lat' dir='ltr'>etiam</span> <span class='ocrx_word' id='word_1_72' title='bbox 933 1251 1089 1316; x_wconf 88' lang='lat' dir='ltr'>dedecori</span> <span class='ocrx_word' id='word_1_73' title='bbox 1115 1252 1178 1314; x_wconf 92' lang='lat' dir='ltr'>sim</span> <span class='ocrx_word' id='word_1_74' title='bbox 1204 1250 1321 1314; x_wconf 89' lang='lat' dir='ltr'>studiis</span> <span class='ocrx_word' id='word_1_75' title='bbox 1348 1269 1415 1330; x_wconf 85' lang='lat' dir='ltr'>ac5</span> 
     </span>
     <span class='ocr_line' id='line_1_10' title="bbox 182 1352 1387 1439; baseline 0 -21"><span class='ocrx_word' id='word_1_76' title='bbox 182 1354 302 1419; x_wconf 87' lang='lat' dir='ltr'>litteris</span> <span class='ocrx_word' id='word_1_77' title='bbox 334 1355 466 1418; x_wconf 91' lang='lat' dir='ltr'>nostris.</span> <span class='ocrx_word' id='word_1_78' title='bbox 520 1352 689 1419; x_wconf 90' lang='lat' dir='ltr'>Consumo</span> <span class='ocrx_word' id='word_1_79' title='bbox 727 1355 826 1438; x_wconf 85' lang='lat' dir='ltr'>igitur</span> <span class='ocrx_word' id='word_1_80' title='bbox 862 1375 963 1419; x_wconf 90' lang='lat' dir='ltr'>omne</span> <span class='ocrx_word' id='word_1_81' title='bbox 998 1365 1131 1439; x_wconf 90' lang='lat' dir='ltr'>tempus</span> <span class='ocrx_word' id='word_1_82' title='bbox 1168 1354 1387 1431; x_wconf 84' lang='lat' dir='ltr'>considerans,</span> 
     </span>
     <span class='ocr_line' id='line_1_11' title="bbox 183 1457 1386 1542; baseline -0.001 -20"><span class='ocrx_word' id='word_1_83' title='bbox 183 1469 309 1541; x_wconf 90' lang='lat' dir='ltr'>quanta</span> <span class='ocrx_word' id='word_1_84' title='bbox 334 1459 384 1523; x_wconf 90' lang='lat' dir='ltr'>vis</span> <span class='ocrx_word' id='word_1_85' title='bbox 410 1460 454 1524; x_wconf 89' lang='lat' dir='ltr'>sit</span> <span class='ocrx_word' id='word_1_86' title='bbox 481 1457 567 1523; x_wconf 90' lang='lat' dir='ltr'>illius</span> <span class='ocrx_word' id='word_1_87' title='bbox 596 1458 665 1536; x_wconf 87' lang='lat' dir='ltr'>viri,</span> <span class='ocrx_word' id='word_1_88' title='bbox 691 1479 791 1542; x_wconf 90' lang='lat' dir='ltr'>quem</span> <span class='ocrx_word' id='word_1_89' title='bbox 819 1459 941 1524; x_wconf 89' lang='lat' dir='ltr'>nostris</span> <span class='ocrx_word' id='word_1_90' title='bbox 971 1458 1064 1523; x_wconf 88' lang='lat' dir='ltr'>libris</span> <span class='ocrx_word' id='word_1_91' title='bbox 1093 1459 1172 1522; x_wconf 89' lang='lat' dir='ltr'>satis</span> <span class='ocrx_word' id='word_1_92' title='bbox 1202 1458 1386 1542; x_wconf 83' lang='lat' dir='ltr'>diligenter,</span> 
     </span>
     <span class='ocr_line' id='line_1_12' title="bbox 185 1560 1387 1647; baseline 0 -21"><span class='ocrx_word' id='word_1_93' title='bbox 185 1572 223 1628; x_wconf 89' lang='lat' dir='ltr'>ut</span> <span class='ocrx_word' id='word_1_94' title='bbox 244 1563 304 1627; x_wconf 92' lang='lat' dir='ltr'>tibi</span> <span class='ocrx_word' id='word_1_95' title='bbox 328 1564 463 1646; x_wconf 92' lang='lat' dir='ltr'>quidem</span> <span class='ocrx_word' id='word_1_96' title='bbox 479 1563 640 1637; x_wconf 88' lang='lat' dir='ltr'>videmur,</span> <span class='ocrx_word' id='word_1_97' title='bbox 655 1564 892 1645; x_wconf 89' lang='lat' dir='ltr'>expressimus.</span> <span class='ocrx_word' id='word_1_98' title='bbox 937 1563 1091 1627; x_wconf 89' lang='lat' dir='ltr'>Tenesne</span> <span class='ocrx_word' id='word_1_99' title='bbox 1109 1562 1217 1647; x_wconf 91' lang='lat' dir='ltr'>igitur,</span> <span class='ocrx_word' id='word_1_100' title='bbox 1234 1560 1387 1626; x_wconf 90' lang='lat' dir='ltr'>modera-</span> 
     </span>
     <span class='ocr_line' id='line_1_13' title="bbox 184 1663 1386 1750; baseline 0.001 -21"><span class='ocrx_word' id='word_1_101' title='bbox 184 1676 292 1730; x_wconf 89' lang='lat' dir='ltr'>torem</span> <span class='ocrx_word' id='word_1_102' title='bbox 315 1667 408 1730; x_wconf 94' lang='lat' dir='ltr'>illum</span> <span class='ocrx_word' id='word_1_103' title='bbox 431 1667 475 1730; x_wconf 89' lang='lat' dir='ltr'>rei</span> <span class='ocrx_word' id='word_1_104' title='bbox 500 1667 653 1750; x_wconf 90' lang='lat' dir='ltr'>publicae</span> <span class='ocrx_word' id='word_1_105' title='bbox 676 1687 743 1749; x_wconf 93' lang='lat' dir='ltr'>quo</span> <span class='ocrx_word' id='word_1_106' title='bbox 766 1667 886 1732; x_wconf 89' lang='lat' dir='ltr'>referre</span> <span class='ocrx_word' id='word_1_107' title='bbox 908 1667 1049 1731; x_wconf 90' lang='lat' dir='ltr'>velimus</span> <span class='ocrx_word' id='word_1_108' title='bbox 1071 1663 1207 1735; x_wconf 87' lang='lat' dir='ltr'>omnia?</span> <span class='ocrx_word' id='word_1_109' title='bbox 1238 1686 1315 1729; x_wconf 90' lang='lat' dir='ltr'>nam</span> <span class='ocrx_word' id='word_1_110' title='bbox 1339 1666 1386 1731; x_wconf 88' lang='lat' dir='ltr'>sic</span> 
     </span>
     <span class='ocr_line' id='line_1_14' title="bbox 183 1770 1433 1855; baseline -0.001 -20"><span class='ocrx_word' id='word_1_111' title='bbox 183 1770 310 1854; x_wconf 89' lang='lat' dir='ltr'>quinto,</span> <span class='ocrx_word' id='word_1_112' title='bbox 334 1781 371 1836; x_wconf 93' lang='lat' dir='ltr'>ut</span> <span class='ocrx_word' id='word_1_113' title='bbox 400 1773 528 1855; x_wconf 89' lang='lat' dir='ltr'>opinor,</span> <span class='ocrx_word' id='word_1_114' title='bbox 554 1773 586 1835; x_wconf 93' lang='lat' dir='ltr'>in</span> <span class='ocrx_word' id='word_1_115' title='bbox 613 1772 698 1835; x_wconf 91' lang='lat' dir='ltr'>libro</span> <span class='ocrx_word' id='word_1_116' title='bbox 726 1772 869 1855; x_wconf 91' lang='lat' dir='ltr'>loquitur</span> <span class='ocrx_word' id='word_1_117' title='bbox 900 1771 1033 1855; x_wconf 89' lang='lat' dir='ltr'>Scipio:</span> <span class='ocrx_word' id='word_1_118' title='bbox 1061 1775 1119 1834; x_wconf 93' lang='lat' dir='ltr'>‘ut</span> <span class='ocrx_word' id='word_1_119' title='bbox 1146 1771 1235 1835; x_wconf 90' lang='lat' dir='ltr'>enim</span> <span class='ocrx_word' id='word_1_120' title='bbox 1266 1772 1385 1853; x_wconf 89' lang='lat' dir='ltr'>guber·</span> <span class='ocrx_word' id='word_1_121' title='bbox 1403 1798 1433 1835; x_wconf 82' lang='grc' dir='ltr'>ιο</span> 
     </span>
     <span class='ocr_line' id='line_1_15' title="bbox 184 1874 1385 1960; baseline 0 -21"><span class='ocrx_word' id='word_1_122' title='bbox 184 1877 293 1941; x_wconf 89' lang='lat' dir='ltr'>natori</span> <span class='ocrx_word' id='word_1_123' title='bbox 322 1896 434 1940; x_wconf 89' lang='lat' dir='ltr'>cursus</span> <span class='ocrx_word' id='word_1_124' title='bbox 465 1877 638 1955; x_wconf 89' lang='lat' dir='ltr'>secundus,</span> <span class='ocrx_word' id='word_1_125' title='bbox 665 1877 794 1941; x_wconf 91' lang='lat' dir='ltr'>medico</span> <span class='ocrx_word' id='word_1_126' title='bbox 825 1877 923 1954; x_wconf 76' lang='lat' dir='ltr'>salue,</span> <span class='ocrx_word' id='word_1_127' title='bbox 947 1875 1138 1960; x_wconf 88' lang='lat' dir='ltr'>imperatori</span> <span class='ocrx_word' id='word_1_128' title='bbox 1167 1875 1315 1954; x_wconf 91' lang='lat' dir='ltr'>victoria,</span> <span class='ocrx_word' id='word_1_129' title='bbox 1338 1874 1385 1939; x_wconf 87' lang='lat' dir='ltr'>sic</span> 
     </span>
     <span class='ocr_line' id='line_1_16' title="bbox 183 1979 1387 2064; baseline -0.001 -21"><span class='ocrx_word' id='word_1_130' title='bbox 183 1979 259 2045; x_wconf 95' lang='lat' dir='ltr'>huic</span> <span class='ocrx_word' id='word_1_131' title='bbox 286 1981 487 2045; x_wconf 85' lang='lat' dir='ltr'>moderatori</span> <span class='ocrx_word' id='word_1_132' title='bbox 514 1982 560 2045; x_wconf 90' lang='lat' dir='ltr'>rei</span> <span class='ocrx_word' id='word_1_133' title='bbox 587 1981 739 2064; x_wconf 87' lang='lat' dir='ltr'>publicae</span> <span class='ocrx_word' id='word_1_134' title='bbox 767 1981 866 2045; x_wconf 88' lang='lat' dir='ltr'>beata</span> <span class='ocrx_word' id='word_1_135' title='bbox 890 1981 1008 2045; x_wconf 92' lang='lat' dir='ltr'>civium</span> <span class='ocrx_word' id='word_1_136' title='bbox 1035 1981 1104 2044; x_wconf 88' lang='lat' dir='ltr'>vita</span> <span class='ocrx_word' id='word_1_137' title='bbox 1129 1980 1301 2064; x_wconf 86' lang='lat' dir='ltr'>proposita</span> <span class='ocrx_word' id='word_1_138' title='bbox 1328 1988 1387 2057; x_wconf 88' lang='lat' dir='ltr'>est,</span> 
     </span>
     <span class='ocr_line' id='line_1_17' title="bbox 185 2083 1387 2169; baseline 0.001 -22"><span class='ocrx_word' id='word_1_139' title='bbox 185 2093 222 2147; x_wconf 93' lang='lat' dir='ltr'>ut</span> <span class='ocrx_word' id='word_1_140' title='bbox 244 2085 363 2167; x_wconf 89' lang='lat' dir='ltr'>opibus</span> <span class='ocrx_word' id='word_1_141' title='bbox 385 2085 490 2160; x_wconf 90' lang='lat' dir='ltr'>firma,</span> <span class='ocrx_word' id='word_1_142' title='bbox 514 2087 618 2169; x_wconf 90' lang='lat' dir='ltr'>copiis</span> <span class='ocrx_word' id='word_1_143' title='bbox 644 2085 801 2167; x_wconf 85' lang='lat' dir='ltr'>locuples,</span> <span class='ocrx_word' id='word_1_144' title='bbox 824 2085 927 2168; x_wconf 86' lang='lat' dir='ltr'>gloria</span> <span class='ocrx_word' id='word_1_145' title='bbox 953 2085 1074 2167; x_wconf 87' lang='lat' dir='ltr'>ampla,</span> <span class='ocrx_word' id='word_1_146' title='bbox 1096 2086 1219 2149; x_wconf 91' lang='lat' dir='ltr'>virtute</span> <span class='ocrx_word' id='word_1_147' title='bbox 1247 2083 1387 2150; x_wconf 89' lang='lat' dir='ltr'>honesta</span> 
     </span>
     <span class='ocr_line' id='line_1_18' title="bbox 184 2186 1387 2273; baseline -0.001 -21"><span class='ocrx_word' id='word_1_148' title='bbox 184 2187 228 2253; x_wconf 94' lang='lat' dir='ltr'>sit</span> <span class='ocrx_word' id='word_1_149' title='bbox 243 2209 251 2266; x_wconf 89' lang='lat'><strong>;</strong></span> <span class='ocrx_word' id='word_1_150' title='bbox 273 2188 370 2252; x_wconf 90' lang='lat' dir='ltr'>huius</span> <span class='ocrx_word' id='word_1_151' title='bbox 389 2190 477 2252; x_wconf 91' lang='lat' dir='ltr'>enim</span> <span class='ocrx_word' id='word_1_152' title='bbox 493 2189 601 2273; x_wconf 88' lang='lat' dir='ltr'>operis</span> <span class='ocrx_word' id='word_1_153' title='bbox 618 2189 756 2254; x_wconf 88' lang='lat' dir='ltr'>maximi</span> <span class='ocrx_word' id='word_1_154' title='bbox 773 2191 856 2253; x_wconf 90' lang='lat' dir='ltr'>inter</span> <span class='ocrx_word' id='word_1_155' title='bbox 870 2189 1024 2253; x_wconf 90' lang='lat' dir='ltr'>homines</span> <span class='ocrx_word' id='word_1_156' title='bbox 1040 2199 1141 2271; x_wconf 89' lang='lat' dir='ltr'>atque</span> <span class='ocrx_word' id='word_1_157' title='bbox 1159 2188 1277 2270; x_wconf 92' lang='lat' dir='ltr'>optimi</span> <span class='ocrx_word' id='word_1_158' title='bbox 1294 2186 1387 2253; x_wconf 93' lang='lat' dir='ltr'>illum</span> 
     </span>
    </p>

    <p class='ocr_par' dir='ltr' id='par_1_5' title="bbox 152 2291 1433 2690">
     <span class='ocr_line' id='line_1_19' title="bbox 152 2291 1433 2375; baseline -0.002 -20"><span class='ocrx_word' id='word_1_159' title='bbox 152 2309 258 2357; x_wconf 84' lang='lat' dir='ltr'>aesse</span> <span class='ocrx_word' id='word_1_160' title='bbox 283 2292 501 2375; x_wconf 80' lang='lat' dir='ltr'>perfectorem</span> <span class='ocrx_word' id='word_1_161' title='bbox 526 2291 621 2357; x_wconf 65' lang='lat' dir='ltr'>volo?</span> <span class='ocrx_word' id='word_1_162' title='bbox 668 2294 749 2357; x_wconf 90' lang='lat' dir='ltr'>Hod</span> <span class='ocrx_word' id='word_1_163' title='bbox 777 2293 910 2358; x_wconf 87' lang='lat' dir='ltr'>Gnaeus</span> <span class='ocrx_word' id='word_1_164' title='bbox 934 2303 1045 2358; x_wconf 91' lang='lat' dir='ltr'>noster</span> <span class='ocrx_word' id='word_1_165' title='bbox 1071 2313 1145 2358; x_wconf 91' lang='lat' dir='ltr'>cum</span> <span class='ocrx_word' id='word_1_166' title='bbox 1169 2302 1269 2356; x_wconf 88' lang='lat' dir='ltr'>antea</span> <span class='ocrx_word' id='word_1_167' title='bbox 1292 2312 1433 2367; x_wconf 79' lang='lat' dir='ltr'>num-15</span> 
     </span>
     <span class='ocr_line' id='line_1_20' title="bbox 184 2397 1387 2480; baseline 0 -20"><span class='ocrx_word' id='word_1_168' title='bbox 184 2417 295 2480; x_wconf 89' lang='lat' dir='ltr'>quarn,</span> <span class='ocrx_word' id='word_1_169' title='bbox 311 2409 384 2462; x_wconf 90' lang='lat' dir='ltr'>tum</span> <span class='ocrx_word' id='word_1_170' title='bbox 407 2398 439 2460; x_wconf 92' lang='lat' dir='ltr'>in</span> <span class='ocrx_word' id='word_1_171' title='bbox 463 2397 525 2462; x_wconf 92' lang='lat' dir='ltr'>hac</span> <span class='ocrx_word' id='word_1_172' title='bbox 547 2418 646 2462; x_wconf 87' lang='lat' dir='ltr'>causa</span> <span class='ocrx_word' id='word_1_173' title='bbox 673 2398 806 2462; x_wconf 91' lang='lat' dir='ltr'>minime</span> <span class='ocrx_word' id='word_1_174' title='bbox 830 2398 1007 2480; x_wconf 87' lang='lat' dir='ltr'>cogitavit:</span> <span class='ocrx_word' id='word_1_175' title='bbox 1032 2397 1214 2462; x_wconf 89' lang='lat' dir='ltr'>dominatio</span> <span class='ocrx_word' id='word_1_176' title='bbox 1237 2397 1387 2479; x_wconf 84' lang='lat' dir='ltr'>quaesita</span> 
     </span>
     <span class='ocr_line' id='line_1_21' title="bbox 183 2501 1385 2584; baseline 0 -21"><span class='ocrx_word' id='word_1_177' title='bbox 183 2501 228 2564; x_wconf 87' lang='lat' dir='ltr'>ab</span> <span class='ocrx_word' id='word_1_178' title='bbox 251 2508 391 2584; x_wconf 89' lang='lat' dir='ltr'>utroque</span> <span class='ocrx_word' id='word_1_179' title='bbox 414 2511 473 2576; x_wconf 89' lang='lat' dir='ltr'>est,</span> <span class='ocrx_word' id='word_1_180' title='bbox 488 2521 554 2566; x_wconf 92' lang='lat' dir='ltr'>non</span> <span class='ocrx_word' id='word_1_181' title='bbox 574 2502 606 2565; x_wconf 92' lang='lat' dir='ltr'>id</span> <span class='ocrx_word' id='word_1_182' title='bbox 627 2512 748 2578; x_wconf 87' lang='lat' dir='ltr'>actum,</span> <span class='ocrx_word' id='word_1_183' title='bbox 764 2502 862 2566; x_wconf 89' lang='lat' dir='ltr'>beata</span> <span class='ocrx_word' id='word_1_184' title='bbox 885 2511 918 2565; x_wconf 90' lang='lat' dir='ltr'>et</span> <span class='ocrx_word' id='word_1_185' title='bbox 940 2502 1081 2566; x_wconf 89' lang='lat' dir='ltr'>honesta</span> <span class='ocrx_word' id='word_1_186' title='bbox 1103 2501 1219 2564; x_wconf 84' lang='lat' dir='ltr'>civitas</span> <span class='ocrx_word' id='word_1_187' title='bbox 1235 2510 1272 2564; x_wconf 91' lang='lat' dir='ltr'>ut</span> <span class='ocrx_word' id='word_1_188' title='bbox 1288 2512 1385 2566; x_wconf 91' lang='lat' dir='ltr'>esset.</span> 
     </span>
     <span class='ocr_line' id='line_1_22' title="bbox 185 2603 1387 2690; baseline 0.002 -24"><span class='ocrx_word' id='word_1_189' title='bbox 185 2603 256 2669; x_wconf 91' lang='lat' dir='ltr'>Nec</span> <span class='ocrx_word' id='word_1_190' title='bbox 281 2625 360 2668; x_wconf 89' lang='lat' dir='ltr'>vero</span> <span class='ocrx_word' id='word_1_191' title='bbox 385 2603 438 2669; x_wconf 91' lang='lat' dir='ltr'>ille</span> <span class='ocrx_word' id='word_1_192' title='bbox 463 2605 577 2669; x_wconf 88' lang='lat' dir='ltr'>urbem</span> <span class='ocrx_word' id='word_1_193' title='bbox 603 2605 743 2689; x_wconf 86' lang='lat' dir='ltr'>reliquit,</span> <span class='ocrx_word' id='word_1_194' title='bbox 766 2607 856 2690; x_wconf 92' lang='lat' dir='ltr'>quod</span> <span class='ocrx_word' id='word_1_195' title='bbox 882 2626 956 2669; x_wconf 95' lang='lat' dir='ltr'>eam</span> <span class='ocrx_word' id='word_1_196' title='bbox 980 2605 1064 2669; x_wconf 91' lang='lat' dir='ltr'>tueri</span> <span class='ocrx_word' id='word_1_197' title='bbox 1093 2625 1157 2668; x_wconf 91' lang='lat' dir='ltr'>non</span> <span class='ocrx_word' id='word_1_198' title='bbox 1183 2612 1303 2687; x_wconf 91' lang='lat' dir='ltr'>posset,</span> <span class='ocrx_word' id='word_1_199' title='bbox 1327 2625 1387 2669; x_wconf 92' lang='lat' dir='ltr'>nec</span> 
     </span>
    </p>
   </div>
   <div class='ocr_carea' id='block_1_5' title="bbox 159 2756 1391 4596">
    <p class='ocr_par' dir='ltr' id='par_1_6' title="bbox 159 2756 1391 4596">
     <span class='ocr_line' id='line_1_23' title="bbox 219 2756 1387 2823; baseline 0.001 -18"><span class='ocrx_word' id='word_1_200' title='bbox 219 2770 241 2807; x_wconf 89' lang='lat' dir='ltr'>r.</span> <span class='ocrx_word' id='word_1_201' title='bbox 259 2761 344 2815; x_wconf 76' lang='lat' dir='ltr'>Quod</span> <span class='ocrx_word' id='word_1_202' title='bbox 363 2774 430 2808; x_wconf 85' lang='lat' dir='ltr'>mo.</span> <span class='ocrx_word' id='word_1_203' title='bbox 451 2794 457 2807; x_wconf 90' lang='lat'>.</span> <span class='ocrx_word' id='word_1_204' title='bbox 475 2764 567 2817; x_wconf 83' lang='lat' dir='ltr'>putas,</span> <span class='ocrx_word' id='word_1_205' title='bbox 585 2761 626 2808; x_wconf 88' lang='lat' dir='ltr'>‘as</span> <span class='ocrx_word' id='word_1_206' title='bbox 643 2759 681 2808; x_wconf 91' lang='lat' dir='ltr'>for</span> <span class='ocrx_word' id='word_1_207' title='bbox 698 2774 760 2823; x_wconf 86' lang='lat' dir='ltr'>your</span> <span class='ocrx_word' id='word_1_208' title='bbox 844 2761 1088 2816; x_wconf 61' lang='lat' dir='ltr'>weneanalgltnr.</span> <span class='ocrx_word' id='word_1_209' title='bbox 1104 2795 1110 2808; x_wconf 92' lang='lat'>.</span> <span class='ocrx_word' id='word_1_210' title='bbox 1124 2760 1242 2807; x_wconf 75' lang='lat' dir='ltr'>omnia?</span> <span class='ocrx_word' id='word_1_211' title='bbox 1272 2756 1329 2806; x_wconf 87' lang='lat' dir='ltr'>‘Do</span> <span class='ocrx_word' id='word_1_212' title='bbox 1337 2773 1387 2821; x_wconf 88' lang='lat' dir='ltr'>yon</span> 
     </span>
     <span class='ocr_line' id='line_1_24' title="bbox 182 2821 1387 2889; baseline -0.002 -14"><span class='ocrx_word' id='word_1_213' title='bbox 182 2822 314 2888; x_wconf 70' lang='lat' dir='ltr'>thinking!</span> <span class='ocrx_word' id='word_1_214' title='bbox 349 2824 397 2888; x_wconf 91' lang='lat' dir='ltr'>Cp.</span> <span class='ocrx_word' id='word_1_215' title='bbox 410 2825 455 2889; x_wconf 88' lang='lat' dir='ltr'>Ep.</span> <span class='ocrx_word' id='word_1_216' title='bbox 471 2824 510 2885; x_wconf 81' lang='lat'>26,</span> <span class='ocrx_word' id='word_1_217' title='bbox 524 2840 546 2886; x_wconf 81' lang='lat' dir='ltr'>a,</span> <span class='ocrx_word' id='word_1_218' title='bbox 560 2842 585 2889; x_wconf 91' lang='lat' dir='ltr'>p.</span> <span class='ocrx_word' id='word_1_219' title='bbox 600 2827 652 2888; x_wconf 85' lang='lat'>185.</span> <span class='ocrx_word' id='word_1_220' title='bbox 810 2825 947 2874; x_wconf 88' lang='lat' dir='ltr'>remembcr</span> <span class='ocrx_word' id='word_1_221' title='bbox 957 2825 1024 2874; x_wconf 86' lang='lat' dir='ltr'>what</span> <span class='ocrx_word' id='word_1_222' title='bbox 1036 2825 1048 2873; x_wconf 92' lang='lat'>1</span> <span class='ocrx_word' id='word_1_223' title='bbox 1060 2824 1144 2873; x_wconf 83' lang='lat' dir='ltr'>would</span> <span class='ocrx_word' id='word_1_224' title='bbox 1161 2824 1223 2872; x_wconf 82' lang='lat' dir='ltr'>have</span> <span class='ocrx_word' id='word_1_225' title='bbox 1240 2821 1282 2872; x_wconf 91' lang='lat' dir='ltr'>the</span> <span class='ocrx_word' id='word_1_226' title='bbox 1298 2830 1387 2873; x_wconf 85' lang='lat' dir='ltr'>states-</span> 
     </span>
     <span class='ocr_line' id='line_1_25' title="bbox 218 2887 1387 2953; baseline -0.002 -14"><span class='ocrx_word' id='word_1_227' title='bbox 218 2903 239 2950; x_wconf 78' lang='grc'>3.</span> <span class='ocrx_word' id='word_1_228' title='bbox 258 2893 328 2939; x_wconf 78' lang='lat' dir='ltr'>(lum</span> <span class='ocrx_word' id='word_1_229' title='bbox 345 2895 395 2940; x_wconf 79' lang='lat' dir='ltr'>aut</span> <span class='ocrx_word' id='word_1_230' title='bbox 412 2894 558 2940; x_wconf 83' lang='lat' dir='ltr'>constitit.</span> <span class='ocrx_word' id='word_1_231' title='bbox 573 2929 578 2940; x_wconf 95' lang='lat'>.</span> <span class='ocrx_word' id='word_1_232' title='bbox 592 2891 757 2949; x_wconf 79' lang='lat' dir='ltr'>explicatur,</span> <span class='ocrx_word' id='word_1_233' title='bbox 810 2906 867 2939; x_wconf 90' lang='lat' dir='ltr'>man</span> <span class='ocrx_word' id='word_1_234' title='bbox 876 2889 977 2953; x_wconf 82' lang='lat' dir='ltr'>already</span> <span class='ocrx_word' id='word_1_235' title='bbox 986 2890 1090 2940; x_wconf 80' lang='lat' dir='ltr'>referred</span> <span class='ocrx_word' id='word_1_236' title='bbox 1100 2898 1126 2939; x_wconf 87' lang='lat' dir='ltr'>to</span> <span class='ocrx_word' id='word_1_237' title='bbox 1135 2890 1207 2938; x_wconf 85' lang='lat' dir='ltr'>make</span> <span class='ocrx_word' id='word_1_238' title='bbox 1217 2887 1258 2937; x_wconf 87' lang='lat' dir='ltr'>the</span> <span class='ocrx_word' id='word_1_239' title='bbox 1271 2889 1387 2937; x_wconf 84' lang='lat' dir='ltr'>standard</span> 
     </span>
     <span class='ocr_line' id='line_1_26' title="bbox 184 2953 1391 3006; baseline -0.001 -3"><span class='ocrx_word' id='word_1_240' title='bbox 184 2954 270 3004; x_wconf 89' lang='lat' dir='ltr'>‘when</span> <span class='ocrx_word' id='word_1_241' title='bbox 291 2971 338 3005; x_wconf 93' lang='lat' dir='ltr'>one</span> <span class='ocrx_word' id='word_1_242' title='bbox 358 2956 403 3005; x_wconf 85' lang='lat' dir='ltr'>has</span> <span class='ocrx_word' id='word_1_243' title='bbox 425 2956 504 3004; x_wconf 81' lang='lat' dir='ltr'>either</span> <span class='ocrx_word' id='word_1_244' title='bbox 526 2973 597 3006; x_wconf 88' lang='lat' dir='ltr'>come</span> <span class='ocrx_word' id='word_1_245' title='bbox 616 2963 642 3005; x_wconf 94' lang='lat' dir='ltr'>to</span> <span class='ocrx_word' id='word_1_246' title='bbox 661 2973 676 3005; x_wconf 92' lang='lat' dir='ltr'>a</span> <span class='ocrx_word' id='word_1_247' title='bbox 693 2956 760 3005; x_wconf 83' lang='lat' dir='ltr'>fixed</span> <span class='ocrx_word' id='word_1_248' title='bbox 810 2955 840 3004; x_wconf 94' lang='lat' dir='ltr'>of</span> <span class='ocrx_word' id='word_1_249' title='bbox 848 2955 888 3004; x_wconf 91' lang='lat' dir='ltr'>his</span> <span class='ocrx_word' id='word_1_250' title='bbox 899 2954 980 3004; x_wconf 88' lang='lat' dir='ltr'>whole</span> <span class='ocrx_word' id='word_1_251' title='bbox 992 2955 1129 3004; x_wconf 90' lang='lat' dir='ltr'>conductl’</span> <span class='ocrx_word' id='word_1_252' title='bbox 1158 2955 1209 3003; x_wconf 91' lang='lat' dir='ltr'>For</span> <span class='ocrx_word' id='word_1_253' title='bbox 1219 2953 1269 3003; x_wconf 89' lang='lat' dir='ltr'>this</span> <span class='ocrx_word' id='word_1_254' title='bbox 1280 2969 1349 3003; x_wconf 85' lang='lat' dir='ltr'>sense</span> <span class='ocrx_word' id='word_1_255' title='bbox 1362 2954 1391 3003; x_wconf 90' lang='lat' dir='ltr'>of</span> 
     </span>
     <span class='ocr_line' id='line_1_27' title="bbox 182 3020 1388 3086; baseline 0.001 -18"><span class='ocrx_word' id='word_1_256' title='bbox 182 3020 301 3081; x_wconf 85' lang='lat' dir='ltr'>decision,</span> <span class='ocrx_word' id='word_1_257' title='bbox 316 3037 344 3069; x_wconf 90' lang='lat' dir='ltr'>or</span> <span class='ocrx_word' id='word_1_258' title='bbox 361 3038 406 3071; x_wconf 88' lang='lat' dir='ltr'>can</span> <span class='ocrx_word' id='word_1_259' title='bbox 425 3021 458 3070; x_wconf 95' lang='lat' dir='ltr'>do</span> <span class='ocrx_word' id='word_1_260' title='bbox 476 3038 509 3070; x_wconf 89' lang='lat' dir='ltr'>no</span> <span class='ocrx_word' id='word_1_261' title='bbox 546 3022 630 3070; x_wconf 93' lang='lat' dir='ltr'>oodb</span> <span class='ocrx_word' id='word_1_262' title='bbox 665 3022 759 3071; x_wconf 92' lang='lat' dir='ltr'>delibe-</span> <span class='ocrx_word' id='word_1_263' title='bbox 812 3020 909 3080; x_wconf 66' lang='lat' dir='ltr'>‘tenea&#39;</span> <span class='ocrx_word' id='word_1_264' title='bbox 920 3036 959 3084; x_wconf 90' lang='lat' dir='ltr'>cp.</span> <span class='ocrx_word' id='word_1_265' title='bbox 973 3020 1042 3084; x_wconf 87' lang='lat' dir='ltr'>Virg.</span> <span class='ocrx_word' id='word_1_266' title='bbox 1056 3020 1108 3069; x_wconf 88' lang='lat' dir='ltr'>Ecl.</span> <span class='ocrx_word' id='word_1_267' title='bbox 1121 3035 1144 3086; x_wconf 87' lang='lat'>9.</span> <span class='ocrx_word' id='word_1_268' title='bbox 1155 3027 1327 3083; x_wconf 83' lang='lat' dir='ltr'>45¹nurueros</span> <span class='ocrx_word' id='word_1_269' title='bbox 1338 3035 1388 3069; x_wconf 91' lang='lat' dir='ltr'>me-</span> 
     </span>
     <span class='ocr_line' id='line_1_28' title="bbox 182 3039 1387 3152; baseline 0 -17"><span class='ocrx_word' id='word_1_270' title='bbox 182 3084 279 3150; x_wconf 86' lang='lat' dir='ltr'>rating.&#39;</span> <span class='ocrx_word' id='word_1_271' title='bbox 301 3087 349 3152; x_wconf 91' lang='lat' dir='ltr'>Cp.</span> <span class='ocrx_word' id='word_1_272' title='bbox 358 3039 548 3147; x_wconf 74' lang='lat' dir='ltr'>uillerb.,wief.</span> <span class='ocrx_word' id='word_1_273' title='bbox 572 3088 612 3137; x_wconf 90' lang='lat' dir='ltr'>On</span> <span class='ocrx_word' id='word_1_274' title='bbox 621 3039 662 3136; x_wconf 60' lang='lat' dir='ltr'>the</span> <span class='ocrx_word' id='word_1_275' title='bbox 671 3095 760 3147; x_wconf 89' lang='lat' dir='ltr'>tenses,</span> <span class='ocrx_word' id='word_1_276' title='bbox 810 3086 872 3135; x_wconf 87' lang='lat' dir='ltr'>mini</span> <span class='ocrx_word' id='word_1_277' title='bbox 889 3087 910 3135; x_wconf 94' lang='lat' dir='ltr'>si</span> <span class='ocrx_word' id='word_1_278' title='bbox 927 3086 1002 3135; x_wconf 84' lang='lat' dir='ltr'>verba</span> <span class='ocrx_word' id='word_1_279' title='bbox 1013 3094 1120 3135; x_wconf 91' lang='lat' dir='ltr'>tenerem</span> <span class='ocrx_word' id='word_1_280' title='bbox 1131 3086 1152 3144; x_wconf 89' lang='lat'>;&#39;</span> <span class='ocrx_word' id='word_1_281' title='bbox 1164 3085 1212 3133; x_wconf 90' lang='lat' dir='ltr'>and</span> <span class='ocrx_word' id='word_1_282' title='bbox 1225 3084 1255 3133; x_wconf 89' lang='lat' dir='ltr'>of</span> <span class='ocrx_word' id='word_1_283' title='bbox 1267 3092 1273 3111; x_wconf 82' lang='lat'><strong>¹</strong></span> <span class='ocrx_word' id='word_1_284' title='bbox 1283 3084 1387 3147; x_wconf 87' lang='lat' dir='ltr'>referre,’</span> 
     </span>
     <span class='ocr_line' id='line_1_29' title="bbox 181 3150 1387 3216; baseline -0.002 -15"><span class='ocrx_word' id='word_1_285' title='bbox 181 3167 196 3201; x_wconf 96' lang='lat' dir='ltr'>c</span> <span class='ocrx_word' id='word_1_286' title='bbox 215 3151 315 3201; x_wconf 68' lang='lat' dir='ltr'>‚Mada</span> <span class='ocrx_word' id='word_1_287' title='bbox 326 3167 372 3215; x_wconf 80' lang='grc'>335</span> <span class='ocrx_word' id='word_1_288' title='bbox 382 3153 473 3213; x_wconf 87' lang='lat' dir='ltr'>b,0bs.</span> <span class='ocrx_word' id='word_1_289' title='bbox 484 3167 494 3201; x_wconf 93' lang='lat' dir='ltr'>r</span> <span class='ocrx_word' id='word_1_290' title='bbox 505 3169 512 3214; x_wconf 80' lang='lat'>3</span> <span class='ocrx_word' id='word_1_291' title='bbox 523 3153 572 3202; x_wconf 89' lang='lat' dir='ltr'>and</span> <span class='ocrx_word' id='word_1_292' title='bbox 581 3170 614 3202; x_wconf 94' lang='lat' dir='ltr'>on</span> <span class='ocrx_word' id='word_1_293' title='bbox 624 3154 665 3202; x_wconf 90' lang='lat' dir='ltr'>the</span> <span class='ocrx_word' id='word_1_294' title='bbox 674 3153 758 3212; x_wconf 91' lang='lat' dir='ltr'>mood,</span> <span class='ocrx_word' id='word_1_295' title='bbox 811 3153 863 3203; x_wconf 91' lang='lat' dir='ltr'>Cic.</span> <span class='ocrx_word' id='word_1_296' title='bbox 877 3152 917 3201; x_wconf 94' lang='lat' dir='ltr'>De</span> <span class='ocrx_word' id='word_1_297' title='bbox 928 3152 989 3216; x_wconf 90' lang='lat' dir='ltr'>Leg.</span> <span class='ocrx_word' id='word_1_298' title='bbox 1004 3165 1024 3201; x_wconf 89' lang='lat' dir='ltr'>r.</span> <span class='ocrx_word' id='word_1_299' title='bbox 1039 3165 1060 3210; x_wconf 91' lang='lat' dir='ltr'>r,</span> <span class='ocrx_word' id='word_1_300' title='bbox 1075 3166 1088 3214; x_wconf 89' lang='lat'><strong>5</strong></span> <span class='ocrx_word' id='word_1_301' title='bbox 1103 3154 1175 3201; x_wconf 89' lang='lat' dir='ltr'>‘cnm</span> <span class='ocrx_word' id='word_1_302' title='bbox 1187 3152 1211 3198; x_wconf 94' lang='lat' dir='ltr'>ln</span> <span class='ocrx_word' id='word_1_303' title='bbox 1224 3150 1270 3199; x_wconf 88' lang='lat' dir='ltr'>illa</span> <span class='ocrx_word' id='word_1_304' title='bbox 1281 3150 1315 3199; x_wconf 94' lang='lat' dir='ltr'>ad</span> <span class='ocrx_word' id='word_1_305' title='bbox 1326 3151 1387 3200; x_wconf 88' lang='lat' dir='ltr'>veri·</span> 
     </span>
     <span class='ocr_line' id='line_1_30' title="bbox 181 3168 1388 3281; baseline -0.001 -14"><span class='ocrx_word' id='word_1_306' title='bbox 181 3168 230 3281; x_wconf 52' lang='lat' dir='ltr'>PK).</span> <span class='ocrx_word' id='word_1_307' title='bbox 243 3232 285 3280; x_wconf 87' lang='lat'>44,</span> <span class='ocrx_word' id='word_1_308' title='bbox 298 3228 319 3281; x_wconf 86' lang='lat'>7,</span> <span class='ocrx_word' id='word_1_309' title='bbox 332 3227 398 3268; x_wconf 90' lang='lat' dir='ltr'>note.</span> <span class='ocrx_word' id='word_1_310' title='bbox 809 3224 888 3267; x_wconf 83' lang='lat' dir='ltr'>tatem</span> <span class='ocrx_word' id='word_1_311' title='bbox 901 3254 907 3267; x_wconf 93' lang='lat'>.</span> <span class='ocrx_word' id='word_1_312' title='bbox 920 3253 926 3265; x_wconf 93' lang='lat'>.</span> <span class='ocrx_word' id='word_1_313' title='bbox 939 3254 945 3267; x_wconf 94' lang='lat'>.</span> <span class='ocrx_word' id='word_1_314' title='bbox 960 3215 1292 3281; x_wconf 81' lang='lat' dir='ltr'>referantur...pleraqne.’</span> <span class='ocrx_word' id='word_1_315' title='bbox 1332 3216 1388 3267; x_wconf 88' lang='lat' dir='ltr'>The</span> 
     </span>
     <span class='ocr_line' id='line_1_31' title="bbox 215 3282 1387 3348; baseline 0 -17"><span class='ocrx_word' id='word_1_316' title='bbox 215 3296 238 3345; x_wconf 80' lang='lat'>4</span> <span class='ocrx_word' id='word_1_317' title='bbox 258 3286 449 3343; x_wconf 75' lang='lat' dir='ltr'>madramen,</span> <span class='ocrx_word' id='word_1_318' title='bbox 463 3284 541 3333; x_wconf 87' lang='lat' dir='ltr'>either</span> <span class='ocrx_word' id='word_1_319' title='bbox 554 3282 649 3343; x_wconf 69' lang='lat' dir='ltr'>‘facio’</span> <span class='ocrx_word' id='word_1_320' title='bbox 660 3301 693 3333; x_wconf 91' lang='lat' dir='ltr'>sc.</span> <span class='ocrx_word' id='word_1_321' title='bbox 706 3282 759 3332; x_wconf 88' lang='lat' dir='ltr'>‘la·</span> <span class='ocrx_word' id='word_1_322' title='bbox 809 3299 914 3348; x_wconf 83' lang='lat' dir='ltr'>passage</span> <span class='ocrx_word' id='word_1_323' title='bbox 922 3283 1011 3332; x_wconf 90' lang='lat' dir='ltr'>Cicero</span> <span class='ocrx_word' id='word_1_324' title='bbox 1020 3292 1106 3348; x_wconf 85' lang='lat' dir='ltr'>quotes</span> <span class='ocrx_word' id='word_1_325' title='bbox 1114 3282 1179 3331; x_wconf 92' lang='lat' dir='ltr'>from</span> <span class='ocrx_word' id='word_1_326' title='bbox 1188 3282 1231 3330; x_wconf 82' lang='lat' dir='ltr'>the</span> <span class='ocrx_word' id='word_1_327' title='bbox 1239 3283 1387 3332; x_wconf 87' lang='lat' dir='ltr'>‘Common-</span> 
     </span>
     <span class='ocr_line' id='line_1_32' title="bbox 182 3345 1234 3413; baseline 0 -17"><span class='ocrx_word' id='word_1_328' title='bbox 182 3345 297 3406; x_wconf 85' lang='lat' dir='ltr'>mentor,&#39;</span> <span class='ocrx_word' id='word_1_329' title='bbox 316 3364 352 3409; x_wconf 90' lang='lat' dir='ltr'>or,</span> <span class='ocrx_word' id='word_1_330' title='bbox 375 3350 492 3413; x_wconf 87' lang='lat' dir='ltr'>referring</span> <span class='ocrx_word' id='word_1_331' title='bbox 514 3357 540 3398; x_wconf 87' lang='lat' dir='ltr'>to</span> <span class='ocrx_word' id='word_1_332' title='bbox 563 3350 605 3399; x_wconf 91' lang='lat' dir='ltr'>the</span> <span class='ocrx_word' id='word_1_333' title='bbox 627 3350 759 3412; x_wconf 86' lang='lat' dir='ltr'>following</span> <span class='ocrx_word' id='word_1_334' title='bbox 809 3347 948 3398; x_wconf 85' lang='lat' dir='ltr'>wealth’is</span> <span class='ocrx_word' id='word_1_335' title='bbox 960 3348 1019 3412; x_wconf 88' lang='lat' dir='ltr'>only</span> <span class='ocrx_word' id='word_1_336' title='bbox 1046 3348 1234 3398; x_wconf 82' lang='lat' dir='ltr'>reserredhere.</span> 
     </span>
     <span class='ocr_line' id='line_1_33' title="bbox 181 3413 1388 3480; baseline 0.001 -19"><span class='ocrx_word' id='word_1_337' title='bbox 181 3413 270 3472; x_wconf 86' lang='lat' dir='ltr'>words,</span> <span class='ocrx_word' id='word_1_338' title='bbox 281 3413 570 3479; x_wconf 78' lang='lat' dir='ltr'>supp.‘itero,’‘llrcep</span> <span class='ocrx_word' id='word_1_339' title='bbox 582 3416 709 3480; x_wconf 84' lang='lat' dir='ltr'>repeating</span> <span class='ocrx_word' id='word_1_340' title='bbox 721 3413 759 3462; x_wconf 88' lang='lat' dir='ltr'>for</span> <span class='ocrx_word' id='word_1_341' title='bbox 842 3429 865 3478; x_wconf 88' lang='lat'>9.</span> <span class='ocrx_word' id='word_1_342' title='bbox 882 3417 991 3463; x_wconf 80' lang='lat' dir='ltr'>Nam=</span> <span class='ocrx_word' id='word_1_343' title='bbox 1035 3432 1057 3478; x_wconf 79' lang='lat' dir='ltr'>p,</span> <span class='ocrx_word' id='word_1_344' title='bbox 1080 3423 1145 3479; x_wconf 82' lang='lat' dir='ltr'>‘yon</span> <span class='ocrx_word' id='word_1_345' title='bbox 1166 3430 1224 3478; x_wconf 88' lang='lat' dir='ltr'>may</span> <span class='ocrx_word' id='word_1_346' title='bbox 1243 3413 1388 3473; x_wconf 90' lang='lat' dir='ltr'>remember,</span> 
     </span>
     <span class='ocr_line' id='line_1_34' title="bbox 181 3477 862 3542; baseline 0.003 -16"><span class='ocrx_word' id='word_1_347' title='bbox 181 3477 264 3528; x_wconf 90' lang='lat' dir='ltr'>whole</span> <span class='ocrx_word' id='word_1_348' title='bbox 275 3478 336 3542; x_wconf 90' lang='lat' dir='ltr'>days</span> <span class='ocrx_word' id='word_1_349' title='bbox 347 3480 389 3529; x_wconf 93' lang='lat' dir='ltr'>the</span> <span class='ocrx_word' id='word_1_350' title='bbox 401 3479 512 3528; x_wconf 90' lang='lat' dir='ltr'>followin</span> <span class='ocrx_word' id='word_1_351' title='bbox 544 3479 641 3541; x_wconf 89' lang='lat' dir='ltr'>words,&#39;</span> <span class='ocrx_word' id='word_1_352' title='bbox 653 3496 686 3530; x_wconf 90' lang='lat' dir='ltr'>sc.</span> <span class='ocrx_word' id='word_1_353' title='bbox 700 3479 758 3528; x_wconf 85' lang='lat' dir='ltr'>‘sed</span> <span class='ocrx_word' id='word_1_354' title='bbox 808 3479 862 3529; x_wconf 86' lang='lat' dir='ltr'>for.’</span> 
     </span>
     <span class='ocr_line' id='line_1_35' title="bbox 181 3497 1388 3624; baseline 0.002 -32"><span class='ocrx_word' id='word_1_355' title='bbox 181 3559 267 3593; x_wconf 87' lang='lat' dir='ltr'>vereor</span> <span class='ocrx_word' id='word_1_356' title='bbox 339 3544 442 3600; x_wconf 87' lang='lat' dir='ltr'>nostris,’</span> <span class='ocrx_word' id='word_1_357' title='bbox 455 3497 536 3594; x_wconf 61' lang='lat' dir='ltr'>which</span> <span class='ocrx_word' id='word_1_358' title='bbox 549 3546 624 3594; x_wconf 87' lang='lat' dir='ltr'>Orell.</span> <span class='ocrx_word' id='word_1_359' title='bbox 637 3545 719 3594; x_wconf 82' lang='lat' dir='ltr'>marlrs</span> <span class='ocrx_word' id='word_1_360' title='bbox 731 3561 758 3593; x_wconf 84' lang='lat' dir='ltr'>as</span> <span class='ocrx_word' id='word_1_361' title='bbox 827 3559 881 3621; x_wconf 51' lang='grc' dir='ltr'><em>ἠ</em></span> <span class='ocrx_word' id='word_1_362' title='bbox 898 3548 1108 3622; x_wconf 75' lang='lat' dir='ltr'>Propositaeat,</span> <span class='ocrx_word' id='word_1_363' title='bbox 1120 3551 1172 3624; x_wconf 75' lang='lat' dir='ltr'>ut.</span> <span class='ocrx_word' id='word_1_364' title='bbox 1190 3548 1332 3623; x_wconf 37' lang='lat' dir='ltr'>..honesta</span> <span class='ocrx_word' id='word_1_365' title='bbox 1340 3548 1388 3603; x_wconf 83' lang='lat' dir='ltr'>sit,</span> 
     </span>
     <span class='ocr_line' id='line_1_36' title="bbox 181 3611 1388 3741; baseline 0.002 -18"><span class='ocrx_word' id='word_1_366' title='bbox 181 3611 759 3741; x_wconf 57' lang='lat' dir='ltr'>:lilith..Btllttltttlltllflt</span> <span class='ocrx_word' id='word_1_367' title='bbox 809 3612 996 3739; x_wconf 59' lang='lat' dir='ltr'>tirhtil:</span> <span class='ocrx_word' id='word_1_368' title='bbox 1006 3611 1388 3741; x_wconf 48' lang='lat' dir='ltr'>tantillitati}</span> 
     </span>
     <span class='ocr_line' id='line_1_37' title="bbox 159 3741 1385 3817; baseline 0.001 -28"><span class='ocrx_word' id='word_1_369' title='bbox 159 3741 299 3797; x_wconf 82' lang='lat' dir='ltr'>,‘tamen.&#39;</span> <span class='ocrx_word' id='word_1_370' title='bbox 332 3741 444 3817; x_wconf 84' lang='lat' dir='ltr'>Madvig.</span> <span class='ocrx_word' id='word_1_371' title='bbox 458 3742 573 3801; x_wconf 83' lang='lat' dir='ltr'>(Advers.</span> <span class='ocrx_word' id='word_1_372' title='bbox 587 3743 649 3792; x_wconf 87' lang='lat' dir='ltr'>Crit.</span> <span class='ocrx_word' id='word_1_373' title='bbox 663 3757 683 3791; x_wconf 84' lang='lat' dir='ltr'>a.</span> <span class='ocrx_word' id='word_1_374' title='bbox 698 3741 757 3803; x_wconf 71' lang='lat'><strong>236)</strong></span> <span class='ocrx_word' id='word_1_375' title='bbox 810 3743 884 3791; x_wconf 84' lang='lat' dir='ltr'>enred</span> <span class='ocrx_word' id='word_1_376' title='bbox 904 3743 929 3791; x_wconf 92' lang='lat' dir='ltr'>in</span> <span class='ocrx_word' id='word_1_377' title='bbox 954 3752 1050 3806; x_wconf 88' lang='lat' dir='ltr'>respect</span> <span class='ocrx_word' id='word_1_378' title='bbox 1075 3742 1104 3791; x_wconf 89' lang='lat' dir='ltr'>of</span> <span class='ocrx_word' id='word_1_379' title='bbox 1123 3745 1222 3808; x_wconf 91' lang='lat' dir='ltr'>power&#39;</span> <span class='ocrx_word' id='word_1_380' title='bbox 1240 3759 1269 3792; x_wconf 91' lang='lat' dir='ltr'>or</span> <span class='ocrx_word' id='word_1_381' title='bbox 1288 3742 1385 3807; x_wconf 84' lang='lat' dir='ltr'>(Jeans)</span> 
     </span>
     <span class='ocr_line' id='line_1_38' title="bbox 181 3804 1388 3872; baseline 0 -17"><span class='ocrx_word' id='word_1_382' title='bbox 181 3806 236 3855; x_wconf 89' lang='lat' dir='ltr'>also</span> <span class='ocrx_word' id='word_1_383' title='bbox 248 3817 362 3871; x_wconf 87' lang='lat' dir='ltr'>suggests</span> <span class='ocrx_word' id='word_1_384' title='bbox 373 3810 381 3833; x_wconf 90' lang='lat'>‘</span> <span class='ocrx_word' id='word_1_385' title='bbox 391 3804 508 3871; x_wconf 67' lang='lat' dir='ltr'>quidem!</span> <span class='ocrx_word' id='word_1_386' title='bbox 812 3808 852 3855; x_wconf 87' lang='lat' dir='ltr'>‘in</span> <span class='ocrx_word' id='word_1_387' title='bbox 864 3808 928 3857; x_wconf 89' lang='lat' dir='ltr'>their</span> <span class='ocrx_word' id='word_1_388' title='bbox 938 3807 1105 3872; x_wconf 68' lang='lat' dir='ltr'>possessions!</span> <span class='ocrx_word' id='word_1_389' title='bbox 1141 3809 1218 3858; x_wconf 86' lang='lat' dir='ltr'>‘Rich</span> <span class='ocrx_word' id='word_1_390' title='bbox 1230 3810 1255 3858; x_wconf 93' lang='lat' dir='ltr'>in</span> <span class='ocrx_word' id='word_1_391' title='bbox 1273 3807 1388 3858; x_wconf 86' lang='lat' dir='ltr'>material</span> 
     </span>
     <span class='ocr_line' id='line_1_39' title="bbox 216 3873 1387 3938; baseline 0.001 -18"><span class='ocrx_word' id='word_1_392' title='bbox 216 3886 238 3935; x_wconf 83' lang='lat'>5.</span> <span class='ocrx_word' id='word_1_393' title='bbox 257 3875 310 3931; x_wconf 78' lang='lat' dir='ltr'>Na,</span> <span class='ocrx_word' id='word_1_394' title='bbox 330 3875 403 3921; x_wconf 81' lang='lat' dir='ltr'>nihil</span> <span class='ocrx_word' id='word_1_395' title='bbox 421 3887 486 3922; x_wconf 89' lang='lat' dir='ltr'>oum</span> <span class='ocrx_word' id='word_1_396' title='bbox 502 3876 656 3934; x_wconf 81' lang='lat' dir='ltr'>proficiam,</span> <span class='ocrx_word' id='word_1_397' title='bbox 674 3877 760 3923; x_wconf 86' lang='lat' dir='ltr'>etiam</span> <span class='ocrx_word' id='word_1_398' title='bbox 810 3888 940 3932; x_wconf 88' lang='lat' dir='ltr'>resources,</span> <span class='ocrx_word' id='word_1_399' title='bbox 954 3873 1134 3938; x_wconf 86' lang='lat' dir='ltr'>distinguished</span> <span class='ocrx_word' id='word_1_400' title='bbox 1151 3875 1185 3937; x_wconf 92' lang='lat' dir='ltr'>by</span> <span class='ocrx_word' id='word_1_401' title='bbox 1197 3874 1268 3931; x_wconf 87' lang='lat' dir='ltr'>fame,</span> <span class='ocrx_word' id='word_1_402' title='bbox 1281 3873 1330 3922; x_wconf 90' lang='lat' dir='ltr'>and</span> <span class='ocrx_word' id='word_1_403' title='bbox 1346 3889 1387 3921; x_wconf 89' lang='lat' dir='ltr'>on·</span> 
     </span>
     <span class='ocr_line' id='line_1_40' title="bbox 184 3937 1388 4004; baseline 0 -17"><span class='ocrx_word' id='word_1_404' title='bbox 184 3974 190 3987; x_wconf 96' lang='lat'>.</span> <span class='ocrx_word' id='word_1_405' title='bbox 207 3973 214 3986; x_wconf 88' lang='lat'>.</span> <span class='ocrx_word' id='word_1_406' title='bbox 231 3943 294 3998; x_wconf 86' lang='lat' dir='ltr'>sim,</span> <span class='ocrx_word' id='word_1_407' title='bbox 306 3938 367 3987; x_wconf 88' lang='lat' dir='ltr'>‘lest</span> <span class='ocrx_word' id='word_1_408' title='bbox 384 3938 450 3987; x_wconf 87' lang='lat' dir='ltr'>since</span> <span class='ocrx_word' id='word_1_409' title='bbox 463 3939 475 3986; x_wconf 95' lang='lat'>1</span> <span class='ocrx_word' id='word_1_410' title='bbox 487 3938 521 3987; x_wconf 92' lang='lat' dir='ltr'>do</span> <span class='ocrx_word' id='word_1_411' title='bbox 537 3955 571 3987; x_wconf 93' lang='lat' dir='ltr'>no</span> <span class='ocrx_word' id='word_1_412' title='bbox 587 3940 662 4003; x_wconf 93' lang='lat' dir='ltr'>good,</span> <span class='ocrx_word' id='word_1_413' title='bbox 675 3940 687 3987; x_wconf 95' lang='lat'>1</span> <span class='ocrx_word' id='word_1_414' title='bbox 702 3956 760 4003; x_wconf 87' lang='lat' dir='ltr'>may</span> <span class='ocrx_word' id='word_1_415' title='bbox 810 3938 902 3988; x_wconf 87' lang='lat' dir='ltr'>nobled</span> <span class='ocrx_word' id='word_1_416' title='bbox 915 3940 948 4003; x_wconf 93' lang='lat' dir='ltr'>by</span> <span class='ocrx_word' id='word_1_417' title='bbox 960 3940 1001 3989; x_wconf 93' lang='lat' dir='ltr'>the</span> <span class='ocrx_word' id='word_1_418' title='bbox 1013 3941 1122 4004; x_wconf 86' lang='lat' dir='ltr'>practice</span> <span class='ocrx_word' id='word_1_419' title='bbox 1133 3939 1162 3989; x_wconf 92' lang='lat' dir='ltr'>of</span> <span class='ocrx_word' id='word_1_420' title='bbox 1170 3937 1267 3990; x_wconf 82' lang='lat' dir='ltr'>virtue&#39;</span> <span class='ocrx_word' id='word_1_421' title='bbox 1293 3940 1334 3988; x_wconf 92' lang='lat' dir='ltr'>On</span> <span class='ocrx_word' id='word_1_422' title='bbox 1345 3939 1388 3987; x_wconf 88' lang='lat' dir='ltr'>the</span> 
     </span>
     <span class='ocr_line' id='line_1_41' title="bbox 182 4001 1157 4070; baseline 0.002 -18"><span class='ocrx_word' id='word_1_423' title='bbox 182 4018 242 4052; x_wconf 82' lang='lat' dir='ltr'>even</span> <span class='ocrx_word' id='word_1_424' title='bbox 254 4003 285 4052; x_wconf 94' lang='lat' dir='ltr'>be</span> <span class='ocrx_word' id='word_1_425' title='bbox 294 4019 309 4050; x_wconf 86' lang='lat' dir='ltr'>a</span> <span class='ocrx_word' id='word_1_426' title='bbox 318 4001 443 4068; x_wconf 86' lang='lat' dir='ltr'>disgrace‚‘</span> <span class='ocrx_word' id='word_1_427' title='bbox 451 4004 494 4052; x_wconf 82' lang='lat' dir='ltr'>ie.</span> <span class='ocrx_word' id='word_1_428' title='bbox 504 4012 548 4052; x_wconf 92' lang='lat' dir='ltr'>not</span> <span class='ocrx_word' id='word_1_429' title='bbox 560 4005 652 4070; x_wconf 86' lang='lat' dir='ltr'>merely</span> <span class='ocrx_word' id='word_1_430' title='bbox 661 4006 760 4066; x_wconf 87' lang='lat' dir='ltr'>useless,</span> <span class='ocrx_word' id='word_1_431' title='bbox 810 4004 939 4065; x_wconf 83' lang='lat' dir='ltr'>ablatives,</span> <span class='ocrx_word' id='word_1_432' title='bbox 951 4020 992 4069; x_wconf 92' lang='lat' dir='ltr'>cp.</span> <span class='ocrx_word' id='word_1_433' title='bbox 1004 4006 1089 4054; x_wconf 86' lang='lat' dir='ltr'>Madv.</span> <span class='ocrx_word' id='word_1_434' title='bbox 1103 4019 1157 4067; x_wconf 79' lang='lat'><strong>²53·</strong></span> 
     </span>
     <span class='ocr_line' id='line_1_42' title="bbox 181 4068 1388 4133; baseline 0.002 -16"><span class='ocrx_word' id='word_1_435' title='bbox 181 4068 371 4119; x_wconf 85' lang='lat' dir='ltr'>butascandnl.</span> <span class='ocrx_word' id='word_1_436' title='bbox 845 4083 884 4133; x_wconf 84' lang='lat'>15.</span> <span class='ocrx_word' id='word_1_437' title='bbox 903 4073 1101 4132; x_wconf 79' lang='lat' dir='ltr'>Perseotoram,</span> <span class='ocrx_word' id='word_1_438' title='bbox 1120 4069 1242 4120; x_wconf 79' lang='lat' dir='ltr'>‘author&#39;</span> <span class='ocrx_word' id='word_1_439' title='bbox 1276 4070 1323 4133; x_wconf 91' lang='lat' dir='ltr'>Cp.</span> <span class='ocrx_word' id='word_1_440' title='bbox 1347 4069 1388 4118; x_wconf 91' lang='lat' dir='ltr'>De</span> 
     </span>
     <span class='ocr_line' id='line_1_43' title="bbox 216 4134 1389 4201; baseline 0.002 -18"><span class='ocrx_word' id='word_1_441' title='bbox 216 4142 237 4197; x_wconf 77' lang='lat'>7.</span> <span class='ocrx_word' id='word_1_442' title='bbox 255 4137 369 4191; x_wconf 79' lang='lat' dir='ltr'>Quanta</span> <span class='ocrx_word' id='word_1_443' title='bbox 388 4139 433 4185; x_wconf 80' lang='lat' dir='ltr'>ria</span> <span class='ocrx_word' id='word_1_444' title='bbox 453 4139 491 4184; x_wconf 83' lang='lat' dir='ltr'>sit</span> <span class='ocrx_word' id='word_1_445' title='bbox 510 4171 516 4184; x_wconf 90' lang='lat'>.</span> <span class='ocrx_word' id='word_1_446' title='bbox 538 4173 545 4186; x_wconf 88' lang='lat'>.</span> <span class='ocrx_word' id='word_1_447' title='bbox 562 4139 760 4195; x_wconf 82' lang='lat' dir='ltr'>expressimus,</span> <span class='ocrx_word' id='word_1_448' title='bbox 812 4135 882 4187; x_wconf 87' lang='lat' dir='ltr'>Orat.</span> <span class='ocrx_word' id='word_1_449' title='bbox 895 4138 964 4197; x_wconf 91' lang='lat' dir='ltr'>r.6o,</span> <span class='ocrx_word' id='word_1_450' title='bbox 976 4146 1022 4201; x_wconf 81' lang='lat'>257</span> <span class='ocrx_word' id='word_1_451' title='bbox 1034 4137 1211 4201; x_wconf 86' lang='lat' dir='ltr'>‘perfectorem</span> <span class='ocrx_word' id='word_1_452' title='bbox 1225 4134 1324 4185; x_wconf 88' lang='lat' dir='ltr'>dicendi</span> <span class='ocrx_word' id='word_1_453' title='bbox 1335 4150 1389 4185; x_wconf 86' lang='lat' dir='ltr'>esse</span> 
     </span>
     <span class='ocr_line' id='line_1_44' title="bbox 183 4199 1014 4267; baseline 0.005 -21"><span class='ocrx_word' id='word_1_454' title='bbox 183 4199 257 4247; x_wconf 81' lang='lat' dir='ltr'>‘how</span> <span class='ocrx_word' id='word_1_455' title='bbox 268 4208 335 4263; x_wconf 87' lang='lat' dir='ltr'>great</span> <span class='ocrx_word' id='word_1_456' title='bbox 347 4201 368 4249; x_wconf 89' lang='lat' dir='ltr'>is</span> <span class='ocrx_word' id='word_1_457' title='bbox 380 4201 423 4251; x_wconf 89' lang='lat' dir='ltr'>the</span> <span class='ocrx_word' id='word_1_458' title='bbox 439 4209 532 4260; x_wconf 88' lang='lat' dir='ltr'>nntnre,</span> <span class='ocrx_word' id='word_1_459' title='bbox 546 4216 576 4251; x_wconf 91' lang='lat' dir='ltr'>or</span> <span class='ocrx_word' id='word_1_460' title='bbox 586 4201 721 4257; x_wconf 86' lang='lat' dir='ltr'>character,</span> <span class='ocrx_word' id='word_1_461' title='bbox 735 4202 764 4251; x_wconf 91' lang='lat' dir='ltr'>of</span> <span class='ocrx_word' id='word_1_462' title='bbox 811 4217 840 4251; x_wconf 89' lang='lat' dir='ltr'>ac</span> <span class='ocrx_word' id='word_1_463' title='bbox 853 4201 1014 4267; x_wconf 67' lang='lat' dir='ltr'>magistrum!</span> 
     </span>
     <span class='ocr_line' id='line_1_45' title="bbox 180 4262 1389 4332; baseline 0.001 -19"><span class='ocrx_word' id='word_1_464' title='bbox 180 4264 223 4313; x_wconf 90' lang='lat' dir='ltr'>the</span> <span class='ocrx_word' id='word_1_465' title='bbox 250 4273 382 4315; x_wconf 87' lang='lat' dir='ltr'>statesman</span> <span class='ocrx_word' id='word_1_466' title='bbox 404 4268 488 4316; x_wconf 83' lang='lat' dir='ltr'>whom</span> <span class='ocrx_word' id='word_1_467' title='bbox 512 4267 524 4315; x_wconf 93' lang='lat' dir='ltr'>l</span> <span class='ocrx_word' id='word_1_468' title='bbox 547 4266 610 4316; x_wconf 76' lang='lat' dir='ltr'>have</span> <span class='ocrx_word' id='word_1_469' title='bbox 632 4268 760 4317; x_wconf 88' lang='lat' dir='ltr'>described</span> <span class='ocrx_word' id='word_1_470' title='bbox 847 4267 883 4316; x_wconf 88' lang='lat'>16.</span> <span class='ocrx_word' id='word_1_471' title='bbox 901 4272 937 4316; x_wconf 89' lang='lat' dir='ltr'>In</span> <span class='ocrx_word' id='word_1_472' title='bbox 955 4273 1007 4317; x_wconf 74' lang='lat' dir='ltr'>hoo</span> <span class='ocrx_word' id='word_1_473' title='bbox 1023 4282 1114 4326; x_wconf 84' lang='lat' dir='ltr'>oanaa,</span> <span class='ocrx_word' id='word_1_474' title='bbox 1127 4269 1174 4315; x_wconf 88' lang='lat' dir='ltr'>‘on</span> <span class='ocrx_word' id='word_1_475' title='bbox 1195 4266 1246 4316; x_wconf 86' lang='lat' dir='ltr'>this</span> <span class='ocrx_word' id='word_1_476' title='bbox 1260 4262 1389 4332; x_wconf 77' lang='lat' dir='ltr'>question:</span> 
     </span>
     <span class='ocr_line' id='line_1_46' title="bbox 182 4329 1196 4398; baseline 0.001 -18"><span class='ocrx_word' id='word_1_477' title='bbox 182 4329 300 4395; x_wconf 89' lang='lat' dir='ltr'>carefully</span> <span class='ocrx_word' id='word_1_478' title='bbox 308 4333 413 4398; x_wconf 89' lang='lat' dir='ltr'>enough,</span> <span class='ocrx_word' id='word_1_479' title='bbox 423 4350 451 4383; x_wconf 91' lang='lat' dir='ltr'>as</span> <span class='ocrx_word' id='word_1_480' title='bbox 460 4349 508 4397; x_wconf 90' lang='lat' dir='ltr'>you</span> <span class='ocrx_word' id='word_1_481' title='bbox 518 4331 597 4391; x_wconf 84' lang='lat' dir='ltr'>think,</span> <span class='ocrx_word' id='word_1_482' title='bbox 607 4333 632 4381; x_wconf 92' lang='lat' dir='ltr'>in</span> <span class='ocrx_word' id='word_1_483' title='bbox 641 4349 682 4397; x_wconf 91' lang='lat' dir='ltr'>my</span> <span class='ocrx_word' id='word_1_484' title='bbox 691 4334 760 4382; x_wconf 86' lang='lat' dir='ltr'>book</span> <span class='ocrx_word' id='word_1_485' title='bbox 810 4332 851 4382; x_wconf 76' lang='lat' dir='ltr'>ie.</span> <span class='ocrx_word' id='word_1_486' title='bbox 864 4334 903 4381; x_wconf 86' lang='lat' dir='ltr'>his</span> <span class='ocrx_word' id='word_1_487' title='bbox 914 4334 1013 4398; x_wconf 88' lang='lat' dir='ltr'>dispnte</span> <span class='ocrx_word' id='word_1_488' title='bbox 1024 4333 1085 4382; x_wconf 84' lang='lat' dir='ltr'>with</span> <span class='ocrx_word' id='word_1_489' title='bbox 1097 4333 1196 4382; x_wconf 88' lang='lat' dir='ltr'>Caesar.</span> 
     </span>
     <span class='ocr_line' id='line_1_47' title="bbox 182 4396 1387 4462; baseline 0.001 -17"><span class='ocrx_word' id='word_1_490' title='bbox 182 4411 214 4455; x_wconf 80' lang='lat' dir='ltr'>pn</span> <span class='ocrx_word' id='word_1_491' title='bbox 227 4396 269 4445; x_wconf 86' lang='lat' dir='ltr'>the</span> <span class='ocrx_word' id='word_1_492' title='bbox 280 4396 514 4448; x_wconf 87' lang='lat' dir='ltr'>Commonwealth.’</span> <span class='ocrx_word' id='word_1_493' title='bbox 846 4401 885 4448; x_wconf 90' lang='lat'>18.</span> <span class='ocrx_word' id='word_1_494' title='bbox 897 4403 951 4449; x_wconf 88' lang='lat' dir='ltr'>Illa</span> <span class='ocrx_word' id='word_1_495' title='bbox 959 4404 1058 4448; x_wconf 80' lang='lat' dir='ltr'>urbem</span> <span class='ocrx_word' id='word_1_496' title='bbox 1066 4402 1190 4458; x_wconf 82' lang='lat' dir='ltr'>reliquit,</span> <span class='ocrx_word' id='word_1_497' title='bbox 1201 4414 1234 4448; x_wconf 79' lang='lat' dir='ltr'>sc.</span> <span class='ocrx_word' id='word_1_498' title='bbox 1244 4398 1387 4462; x_wconf 86' lang='lat' dir='ltr'>Pompeius.</span> 
     </span>
     <span class='ocr_line' id='line_1_48' title="bbox 214 4463 1388 4530; baseline 0.002 -18"><span class='ocrx_word' id='word_1_499' title='bbox 214 4464 238 4513; x_wconf 83' lang='lat'>8.</span> <span class='ocrx_word' id='word_1_500' title='bbox 256 4466 296 4511; x_wconf 86' lang='lat' dir='ltr'>Ut</span> <span class='ocrx_word' id='word_1_501' title='bbox 308 4467 380 4519; x_wconf 82' lang='lat' dir='ltr'>tibi.</span> <span class='ocrx_word' id='word_1_502' title='bbox 395 4467 560 4517; x_wconf 84' lang='lat' dir='ltr'>.ridamur:</span> <span class='ocrx_word' id='word_1_503' title='bbox 578 4464 673 4529; x_wconf 77' lang='lat' dir='ltr'>cpEp.</span> <span class='ocrx_word' id='word_1_504' title='bbox 684 4478 755 4529; x_wconf 84' lang='lat'>54,4,</span> <span class='ocrx_word' id='word_1_505' title='bbox 841 4468 951 4522; x_wconf 79' lang='lat' dir='ltr'>Quod.</span> <span class='ocrx_word' id='word_1_506' title='bbox 973 4501 979 4513; x_wconf 93' lang='lat'>.</span> <span class='ocrx_word' id='word_1_507' title='bbox 998 4479 1056 4514; x_wconf 89' lang='lat' dir='ltr'>non</span> <span class='ocrx_word' id='word_1_508' title='bbox 1079 4470 1192 4522; x_wconf 81' lang='lat' dir='ltr'>posset:</span> <span class='ocrx_word' id='word_1_509' title='bbox 1221 4480 1261 4530; x_wconf 89' lang='lat' dir='ltr'>cp.</span> <span class='ocrx_word' id='word_1_510' title='bbox 1284 4463 1323 4515; x_wconf 89' lang='lat' dir='ltr'>for</span> <span class='ocrx_word' id='word_1_511' title='bbox 1344 4465 1388 4514; x_wconf 88' lang='lat' dir='ltr'>the</span> 
     </span>
     <span class='ocr_line' id='line_1_49' title="bbox 179 4531 1117 4596; baseline 0.003 -18"><span class='ocrx_word' id='word_1_512' title='bbox 179 4534 246 4589; x_wconf 86' lang='lat' dir='ltr'>note,</span> <span class='ocrx_word' id='word_1_513' title='bbox 259 4544 284 4594; x_wconf 87' lang='lat' dir='ltr'>p.</span> <span class='ocrx_word' id='word_1_514' title='bbox 297 4541 353 4594; x_wconf 77' lang='lat'><strong>³25·</strong></span> <span class='ocrx_word' id='word_1_515' title='bbox 807 4532 891 4589; x_wconf 87' lang='lat' dir='ltr'>mood,</span> <span class='ocrx_word' id='word_1_516' title='bbox 903 4531 951 4596; x_wconf 84' lang='lat' dir='ltr'>Ep.</span> <span class='ocrx_word' id='word_1_517' title='bbox 964 4532 1003 4592; x_wconf 76' lang='lat'>28,</span> <span class='ocrx_word' id='word_1_518' title='bbox 1016 4540 1039 4594; x_wconf 81' lang='lat'>7,</span> <span class='ocrx_word' id='word_1_519' title='bbox 1050 4537 1117 4581; x_wconf 84' lang='lat' dir='ltr'>note.</span> 
     </span>
    </p>
   </div>
   <div class='ocr_carea' id='block_1_6' title="bbox 0 0 1520 5542">
    <p class='ocr_par' dir='ltr' id='par_1_7' title="bbox 0 0 1520 5542">
     <span class='ocr_line' id='line_1_50' title="bbox 0 0 1520 5542; baseline 0 1"><span class='ocrx_word' id='word_1_520' title='bbox 0 0 1520 5542; x_wconf 95' lang='lat' dir='ltr'> </span> 
     </span>
    </p>
   </div>
  </div>
 </body>
</html>
