<?xml version="1.0" encoding="UTF-8"?>
<!DOCTYPE html PUBLIC "-//W3C//DTD XHTML 1.0 Transitional//EN"
    "http://www.w3.org/TR/xhtml1/DTD/xhtml1-transitional.dtd">
<html xmlns="http://www.w3.org/1999/xhtml" xml:lang="en" lang="en">
 <head>
  <title>
</title>
<meta http-equiv="Content-Type" content="text/html;charset=utf-8" />
  <meta name='ocr-system' content='tesseract 3.04.00' />
  <meta name='ocr-capabilities' content='ocr_page ocr_carea ocr_par ocr_line ocrx_word'/>
</head>
<body>
  <div class='ocr_page' id='page_1' title='image "./cicero00cicegoog_0224.png"; bbox 0 0 3030 5542; ppageno 0'>
   <div class='ocr_carea' id='block_1_1' title="bbox 109 335 1313 429">
    <p class='ocr_par' dir='ltr' id='par_1_1' title="bbox 109 335 1313 429">
     <span class='ocr_line' id='line_1_1' title="bbox 109 335 1313 429; baseline -0.002 -25"><span class='ocrx_word' id='word_1_1' title='bbox 109 358 156 405; x_wconf 74' lang='lat' dir='ltr'>rr.</span> <span class='ocrx_word' id='word_1_2' title='bbox 174 335 241 429; x_wconf 81' lang='lat'><strong>23·]</strong></span> <span class='ocrx_word' id='word_1_3' title='bbox 445 341 510 400; x_wconf 82' lang='lat' dir='ltr'>AD</span> <span class='ocrx_word' id='word_1_4' title='bbox 534 338 686 412; x_wconf 76' lang='lat' dir='ltr'>Qurur’.</span> <span class='ocrx_word' id='word_1_5' title='bbox 708 339 843 402; x_wconf 71' lang='lat' dir='ltr'>rear.</span> <span class='ocrx_word' id='word_1_6' title='bbox 866 339 917 403; x_wconf 85' lang='lat' dir='ltr'>rr.</span> <span class='ocrx_word' id='word_1_7' title='bbox 939 358 969 424; x_wconf 78' lang='lat'>3.</span> <span class='ocrx_word' id='word_1_8' title='bbox 1252 352 1313 421; x_wconf 84' lang='lat'>175</span> 
     </span>
    </p>
   </div>
   <div class='ocr_carea' id='block_1_2' title="bbox 110 509 1357 2570">
    <p class='ocr_par' dir='ltr' id='par_1_2' title="bbox 110 509 1357 2570">
     <span class='ocr_line' id='line_1_2' title="bbox 111 509 1312 597; baseline -0.002 -19"><span class='ocrx_word' id='word_1_9' title='bbox 111 512 209 590; x_wconf 90' lang='lat' dir='ltr'>rexit,</span> <span class='ocrx_word' id='word_1_10' title='bbox 226 532 345 595; x_wconf 87' lang='lat' dir='ltr'>operae</span> <span class='ocrx_word' id='word_1_11' title='bbox 362 509 544 575; x_wconf 87' lang='lat' dir='ltr'>Clodianae</span> <span class='ocrx_word' id='word_1_12' title='bbox 560 511 739 575; x_wconf 89' lang='lat' dir='ltr'>clamorem</span> <span class='ocrx_word' id='word_1_13' title='bbox 763 512 975 590; x_wconf 87' lang='lat' dir='ltr'>sustulerunt,</span> <span class='ocrx_word' id='word_1_14' title='bbox 990 512 1090 595; x_wconf 88' lang='lat' dir='ltr'>idque</span> <span class='ocrx_word' id='word_1_15' title='bbox 1105 513 1135 576; x_wconf 91' lang='lat' dir='ltr'>ei</span> <span class='ocrx_word' id='word_1_16' title='bbox 1150 521 1312 597; x_wconf 89' lang='lat' dir='ltr'>perpetua</span> 
     </span>
     <span class='ocr_line' id='line_1_3' title="bbox 111 615 1310 698; baseline -0.003 -15"><span class='ocrx_word' id='word_1_17' title='bbox 111 618 261 683; x_wconf 90' lang='lat' dir='ltr'>oratione</span> <span class='ocrx_word' id='word_1_18' title='bbox 283 616 431 698; x_wconf 87' lang='lat' dir='ltr'>contigit,</span> <span class='ocrx_word' id='word_1_19' title='bbox 447 636 512 678; x_wconf 90' lang='lat' dir='ltr'>non</span> <span class='ocrx_word' id='word_1_20' title='bbox 537 616 636 679; x_wconf 90' lang='lat' dir='ltr'>modo</span> <span class='ocrx_word' id='word_1_21' title='bbox 661 625 698 679; x_wconf 90' lang='lat' dir='ltr'>ut</span> <span class='ocrx_word' id='word_1_22' title='bbox 717 615 967 691; x_wconf 87' lang='lat' dir='ltr'>adclamatione,</span> <span class='ocrx_word' id='word_1_23' title='bbox 984 617 1042 680; x_wconf 91' lang='lat' dir='ltr'>sed</span> <span class='ocrx_word' id='word_1_24' title='bbox 1060 627 1095 680; x_wconf 91' lang='lat' dir='ltr'>ut</span> <span class='ocrx_word' id='word_1_25' title='bbox 1112 617 1254 681; x_wconf 91' lang='lat' dir='ltr'>convitio</span> <span class='ocrx_word' id='word_1_26' title='bbox 1276 625 1310 680; x_wconf 90' lang='lat' dir='ltr'>et</span> 
     </span>
     <span class='ocr_line' id='line_1_4' title="bbox 112 719 1310 803; baseline -0.003 -18"><span class='ocrx_word' id='word_1_27' title='bbox 112 720 298 785; x_wconf 90' lang='lat' dir='ltr'>maledictis</span> <span class='ocrx_word' id='word_1_28' title='bbox 313 720 537 802; x_wconf 84' lang='lat' dir='ltr'><strong>impediretur.</strong></span> <span class='ocrx_word' id='word_1_29' title='bbox 586 719 653 802; x_wconf 85' lang='lat' dir='ltr'>Qui</span> <span class='ocrx_word' id='word_1_30' title='bbox 669 728 706 783; x_wconf 92' lang='lat' dir='ltr'>ut</span> <span class='ocrx_word' id='word_1_31' title='bbox 721 721 1008 803; x_wconf 84' lang='lat' dir='ltr'>peroravit-nam</span> <span class='ocrx_word' id='word_1_32' title='bbox 1020 720 1053 783; x_wconf 92' lang='lat' dir='ltr'>in</span> <span class='ocrx_word' id='word_1_33' title='bbox 1071 741 1110 783; x_wconf 88' lang='lat' dir='ltr'>eo</span> <span class='ocrx_word' id='word_1_34' title='bbox 1126 740 1206 784; x_wconf 88' lang='lat' dir='ltr'>sane</span> <span class='ocrx_word' id='word_1_35' title='bbox 1216 720 1310 784; x_wconf 89' lang='lat' dir='ltr'>fortis</span> 
     </span>
     <span class='ocr_line' id='line_1_5' title="bbox 110 823 1311 907; baseline -0.001 -19"><span class='ocrx_word' id='word_1_36' title='bbox 110 826 182 902; x_wconf 93' lang='lat' dir='ltr'>fuit,</span> <span class='ocrx_word' id='word_1_37' title='bbox 193 845 258 887; x_wconf 90' lang='lat' dir='ltr'>non</span> <span class='ocrx_word' id='word_1_38' title='bbox 274 832 324 887; x_wconf 93' lang='lat' dir='ltr'>est</span> <span class='ocrx_word' id='word_1_39' title='bbox 339 823 521 901; x_wconf 67' lang='lat' dir='ltr'>deterritus</span> <span class='ocrx_word' id='word_1_40' title='bbox 533 824 620 887; x_wconf 86' lang='lat' dir='ltr'>dixit</span> <span class='ocrx_word' id='word_1_41' title='bbox 635 825 746 888; x_wconf 90' lang='lat' dir='ltr'>omnia</span> <span class='ocrx_word' id='word_1_42' title='bbox 760 834 861 907; x_wconf 89' lang='lat' dir='ltr'>atque</span> <span class='ocrx_word' id='word_1_43' title='bbox 876 824 1039 888; x_wconf 88' lang='lat' dir='ltr'>interdum</span> <span class='ocrx_word' id='word_1_44' title='bbox 1055 825 1154 888; x_wconf 87' lang='lat' dir='ltr'>etiam</span> <span class='ocrx_word' id='word_1_45' title='bbox 1170 825 1311 901; x_wconf 89' lang='lat' dir='ltr'>silentio,</span> 
     </span>
     <span class='ocr_line' id='line_1_6' title="bbox 110 927 1339 1011; baseline 0 -19"><span class='ocrx_word' id='word_1_46' title='bbox 110 948 186 992; x_wconf 91' lang='lat' dir='ltr'>cum</span> <span class='ocrx_word' id='word_1_47' title='bbox 201 928 399 991; x_wconf 89' lang='lat' dir='ltr'>auctoritate</span> <span class='ocrx_word' id='word_1_48' title='bbox 416 927 435 1007; x_wconf 91' lang='lat'>†</span> <span class='ocrx_word' id='word_1_49' title='bbox 451 937 673 1010; x_wconf 82' lang='lat' dir='ltr'>peregerat-,</span> <span class='ocrx_word' id='word_1_50' title='bbox 688 928 745 991; x_wconf 91' lang='lat' dir='ltr'>sed</span> <span class='ocrx_word' id='word_1_51' title='bbox 763 936 800 991; x_wconf 95' lang='lat' dir='ltr'>ut</span> <span class='ocrx_word' id='word_1_52' title='bbox 815 929 990 1011; x_wconf 91' lang='lat' dir='ltr'>peroravit,</span> <span class='ocrx_word' id='word_1_53' title='bbox 1003 930 1143 993; x_wconf 89' lang='lat' dir='ltr'>surrexit</span> <span class='ocrx_word' id='word_1_54' title='bbox 1157 928 1310 992; x_wconf 87' lang='lat' dir='ltr'>Clodius:</span> <span class='ocrx_word' id='word_1_55' title='bbox 1325 956 1339 1008; x_wconf 80' lang='lat'>⁵</span> 
     </span>
     <span class='ocr_line' id='line_1_7' title="bbox 110 1031 1310 1114; baseline 0.001 -19"><span class='ocrx_word' id='word_1_56' title='bbox 110 1032 140 1095; x_wconf 91' lang='lat' dir='ltr'>ei</span> <span class='ocrx_word' id='word_1_57' title='bbox 157 1041 270 1095; x_wconf 90' lang='lat' dir='ltr'>tantus</span> <span class='ocrx_word' id='word_1_58' title='bbox 293 1031 419 1094; x_wconf 92' lang='lat' dir='ltr'>clamor</span> <span class='ocrx_word' id='word_1_59' title='bbox 439 1052 459 1094; x_wconf 91' lang='lat' dir='ltr'>a</span> <span class='ocrx_word' id='word_1_60' title='bbox 484 1031 815 1114; x_wconf 88' lang='lat' dir='ltr'>nostris—placuerat</span> <span class='ocrx_word' id='word_1_61' title='bbox 830 1033 918 1095; x_wconf 90' lang='lat' dir='ltr'>enim</span> <span class='ocrx_word' id='word_1_62' title='bbox 935 1032 1052 1096; x_wconf 88' lang='lat' dir='ltr'>referre</span> <span class='ocrx_word' id='word_1_63' title='bbox 1067 1033 1262 1114; x_wconf 84' lang='lat' dir='ltr'>gratiam-,</span> <span class='ocrx_word' id='word_1_64' title='bbox 1274 1044 1310 1097; x_wconf 90' lang='lat' dir='ltr'>ut</span> 
     </span>
     <span class='ocr_line' id='line_1_8' title="bbox 110 1133 1309 1218; baseline -0.002 -19"><span class='ocrx_word' id='word_1_65' title='bbox 110 1157 218 1218; x_wconf 88' lang='lat' dir='ltr'>neque</span> <span class='ocrx_word' id='word_1_66' title='bbox 234 1146 346 1198; x_wconf 88' lang='lat' dir='ltr'>mente</span> <span class='ocrx_word' id='word_1_67' title='bbox 364 1155 424 1198; x_wconf 90' lang='lat' dir='ltr'>nec</span> <span class='ocrx_word' id='word_1_68' title='bbox 439 1133 551 1217; x_wconf 86' lang='lat' dir='ltr'>lingua</span> <span class='ocrx_word' id='word_1_69' title='bbox 571 1155 678 1218; x_wconf 91' lang='lat' dir='ltr'>neque</span> <span class='ocrx_word' id='word_1_70' title='bbox 698 1156 756 1199; x_wconf 90' lang='lat' dir='ltr'>ore</span> <span class='ocrx_word' id='word_1_71' title='bbox 776 1137 980 1200; x_wconf 85' lang='lat' dir='ltr'>consisteret.</span> <span class='ocrx_word' id='word_1_72' title='bbox 1026 1136 1078 1200; x_wconf 89' lang='lat' dir='ltr'>Ea</span> <span class='ocrx_word' id='word_1_73' title='bbox 1094 1156 1145 1199; x_wconf 85' lang='lat' dir='ltr'>res</span> <span class='ocrx_word' id='word_1_74' title='bbox 1160 1147 1235 1200; x_wconf 90' lang='lat' dir='ltr'>acta</span> <span class='ocrx_word' id='word_1_75' title='bbox 1250 1147 1309 1214; x_wconf 88' lang='lat' dir='ltr'>est,</span> 
     </span>
     <span class='ocr_line' id='line_1_9' title="bbox 110 1238 1310 1323; baseline -0.003 -18"><span class='ocrx_word' id='word_1_76' title='bbox 110 1260 188 1305; x_wconf 90' lang='lat' dir='ltr'>cum</span> <span class='ocrx_word' id='word_1_77' title='bbox 203 1240 284 1303; x_wconf 92' lang='lat' dir='ltr'>hora</span> <span class='ocrx_word' id='word_1_78' title='bbox 306 1248 405 1304; x_wconf 91' lang='lat' dir='ltr'>sexta</span> <span class='ocrx_word' id='word_1_79' title='bbox 423 1238 481 1301; x_wconf 91' lang='lat' dir='ltr'>vix</span> <span class='ocrx_word' id='word_1_80' title='bbox 499 1239 676 1321; x_wconf 90' lang='lat' dir='ltr'>Pompeius</span> <span class='ocrx_word' id='word_1_81' title='bbox 691 1249 884 1323; x_wconf 86' lang='lat' dir='ltr'>perorasset,</span> <span class='ocrx_word' id='word_1_82' title='bbox 899 1260 1003 1322; x_wconf 88' lang='lat' dir='ltr'>usque</span> <span class='ocrx_word' id='word_1_83' title='bbox 1025 1239 1067 1303; x_wconf 91' lang='lat' dir='ltr'>ad</span> <span class='ocrx_word' id='word_1_84' title='bbox 1088 1240 1204 1303; x_wconf 90' lang='lat' dir='ltr'>horam</span> <span class='ocrx_word' id='word_1_85' title='bbox 1221 1253 1310 1318; x_wconf 79' lang='lat' dir='ltr'>vm,</span> 
     </span>
     <span class='ocr_line' id='line_1_10' title="bbox 111 1341 1309 1426; baseline -0.001 -18"><span class='ocrx_word' id='word_1_86' title='bbox 111 1364 187 1408; x_wconf 91' lang='lat' dir='ltr'>cum</span> <span class='ocrx_word' id='word_1_87' title='bbox 203 1343 315 1407; x_wconf 87' lang='lat' dir='ltr'>omnia</span> <span class='ocrx_word' id='word_1_88' title='bbox 332 1342 516 1420; x_wconf 90' lang='lat' dir='ltr'>maledicta,</span> <span class='ocrx_word' id='word_1_89' title='bbox 530 1363 643 1406; x_wconf 88' lang='lat' dir='ltr'>versus</span> <span class='ocrx_word' id='word_1_90' title='bbox 658 1343 800 1426; x_wconf 89' lang='lat' dir='ltr'>denique</span> <span class='ocrx_word' id='word_1_91' title='bbox 815 1343 1039 1408; x_wconf 88' lang='lat' dir='ltr'>obscenissimi</span> <span class='ocrx_word' id='word_1_92' title='bbox 1055 1341 1088 1406; x_wconf 89' lang='lat' dir='ltr'>in</span> <span class='ocrx_word' id='word_1_93' title='bbox 1105 1342 1258 1407; x_wconf 92' lang='lat' dir='ltr'>Clodium</span> <span class='ocrx_word' id='word_1_94' title='bbox 1275 1354 1309 1407; x_wconf 95' lang='lat' dir='ltr'>et</span> 
     </span>
     <span class='ocr_line' id='line_1_11' title="bbox 113 1446 1357 1530; baseline 0.003 -18"><span class='ocrx_word' id='word_1_95' title='bbox 113 1447 267 1513; x_wconf 87' lang='lat' dir='ltr'>Clodiam</span> <span class='ocrx_word' id='word_1_96' title='bbox 276 1447 469 1510; x_wconf 89' lang='lat' dir='ltr'>dicerentur.</span> <span class='ocrx_word' id='word_1_97' title='bbox 509 1446 569 1510; x_wconf 93' lang='lat' dir='ltr'>Ille</span> <span class='ocrx_word' id='word_1_98' title='bbox 580 1447 688 1511; x_wconf 92' lang='lat' dir='ltr'>furens</span> <span class='ocrx_word' id='word_1_99' title='bbox 704 1457 739 1511; x_wconf 93' lang='lat' dir='ltr'>et</span> <span class='ocrx_word' id='word_1_100' title='bbox 753 1448 933 1530; x_wconf 87' lang='lat' dir='ltr'>exsanguis</span> <span class='ocrx_word' id='word_1_101' title='bbox 948 1447 1171 1530; x_wconf 87' lang='lat' dir='ltr'>interrogabat</span> <span class='ocrx_word' id='word_1_102' title='bbox 1185 1469 1262 1511; x_wconf 92' lang='lat' dir='ltr'>suos</span> <span class='ocrx_word' id='word_1_103' title='bbox 1277 1448 1309 1510; x_wconf 91' lang='lat' dir='ltr'>in</span> <span class='ocrx_word' id='word_1_104' title='bbox 1328 1480 1357 1517; x_wconf 88' lang='grc' dir='ltr'>ιο</span> 
     </span>
     <span class='ocr_line' id='line_1_12' title="bbox 111 1550 1310 1635; baseline -0.001 -18"><span class='ocrx_word' id='word_1_105' title='bbox 111 1552 255 1617; x_wconf 89' lang='lat' dir='ltr'>clamore</span> <span class='ocrx_word' id='word_1_106' title='bbox 272 1552 354 1634; x_wconf 89' lang='lat' dir='ltr'>ipso,</span> <span class='ocrx_word' id='word_1_107' title='bbox 367 1552 439 1632; x_wconf 90' lang='lat' dir='ltr'>quis</span> <span class='ocrx_word' id='word_1_108' title='bbox 454 1560 550 1628; x_wconf 91' lang='lat' dir='ltr'>esset,</span> <span class='ocrx_word' id='word_1_109' title='bbox 562 1551 618 1632; x_wconf 93' lang='lat' dir='ltr'>qui</span> <span class='ocrx_word' id='word_1_110' title='bbox 635 1550 767 1632; x_wconf 89' lang='lat' dir='ltr'>plebem</span> <span class='ocrx_word' id='word_1_111' title='bbox 782 1551 869 1615; x_wconf 90' lang='lat' dir='ltr'>fame</span> <span class='ocrx_word' id='word_1_112' title='bbox 884 1561 1025 1616; x_wconf 87' lang='lat' dir='ltr'>necaret.</span> <span class='ocrx_word' id='word_1_113' title='bbox 1051 1553 1310 1635; x_wconf 86' lang='lat' dir='ltr'>Respondebant</span> 
     </span>
     <span class='ocr_line' id='line_1_13' title="bbox 111 1653 1311 1740; baseline -0.001 -19"><span class='ocrx_word' id='word_1_114' title='bbox 111 1676 233 1739; x_wconf 90' lang='lat' dir='ltr'>operae</span> <span class='ocrx_word' id='word_1_115' title='bbox 247 1678 254 1718; x_wconf 91' lang='lat'><strong>:</strong></span> <span class='ocrx_word' id='word_1_116' title='bbox 271 1662 278 1690; x_wconf 89' lang='lat'>‘</span> <span class='ocrx_word' id='word_1_117' title='bbox 292 1653 488 1737; x_wconf 83' lang='lat' dir='ltr'>Pompeius&#39;</span> <span class='ocrx_word' id='word_1_118' title='bbox 526 1654 610 1737; x_wconf 84' lang='lat' dir='ltr'>Quis</span> <span class='ocrx_word' id='word_1_119' title='bbox 623 1654 863 1719; x_wconf 88' lang='lat' dir='ltr'>Alexandriam</span> <span class='ocrx_word' id='word_1_120' title='bbox 877 1656 922 1719; x_wconf 88' lang='lat' dir='ltr'>ire</span> <span class='ocrx_word' id='word_1_121' title='bbox 933 1665 1078 1738; x_wconf 90' lang='lat' dir='ltr'>cuperet.</span> <span class='ocrx_word' id='word_1_122' title='bbox 1117 1657 1311 1740; x_wconf 90' lang='lat' dir='ltr'>Responde·</span> 
     </span>
     <span class='ocr_line' id='line_1_14' title="bbox 112 1754 1310 1843; baseline -0.002 -18"><span class='ocrx_word' id='word_1_123' title='bbox 112 1762 211 1825; x_wconf 90' lang='lat' dir='ltr'>bant:</span> <span class='ocrx_word' id='word_1_124' title='bbox 229 1754 444 1842; x_wconf 81' lang='lat' dir='ltr'>‘Pompeius’</span> <span class='ocrx_word' id='word_1_125' title='bbox 477 1757 587 1840; x_wconf 86' lang='lat' dir='ltr'>Quem</span> <span class='ocrx_word' id='word_1_126' title='bbox 600 1759 646 1822; x_wconf 88' lang='lat' dir='ltr'>ire</span> <span class='ocrx_word' id='word_1_127' title='bbox 657 1759 788 1823; x_wconf 89' lang='lat' dir='ltr'>vellent.</span> <span class='ocrx_word' id='word_1_128' title='bbox 820 1760 1099 1843; x_wconf 91' lang='lat' dir='ltr'>Respondebant:</span> <span class='ocrx_word' id='word_1_129' title='bbox 1116 1757 1310 1825; x_wconf 87' lang='lat' dir='ltr'>‘Crassum’</span> 
     </span>
     <span class='ocr_line' id='line_1_15' title="bbox 113 1862 1310 1945; baseline -0.002 -16"><span class='ocrx_word' id='word_1_130' title='bbox 113 1866 147 1929; x_wconf 91' lang='lat' dir='ltr'>Is</span> <span class='ocrx_word' id='word_1_131' title='bbox 166 1866 282 1929; x_wconf 88' lang='lat' dir='ltr'>aderat</span> <span class='ocrx_word' id='word_1_132' title='bbox 300 1872 382 1937; x_wconf 91' lang='lat' dir='ltr'>tum,</span> <span class='ocrx_word' id='word_1_133' title='bbox 398 1862 515 1926; x_wconf 91' lang='lat' dir='ltr'>Miloni</span> <span class='ocrx_word' id='word_1_134' title='bbox 535 1863 647 1926; x_wconf 91' lang='lat' dir='ltr'>animo</span> <span class='ocrx_word' id='word_1_135' title='bbox 670 1883 735 1926; x_wconf 90' lang='lat' dir='ltr'>non</span> <span class='ocrx_word' id='word_1_136' title='bbox 759 1864 875 1927; x_wconf 90' lang='lat' dir='ltr'>amic0.</span> <span class='ocrx_word' id='word_1_137' title='bbox 921 1863 1016 1927; x_wconf 90' lang='lat' dir='ltr'>Hora</span> <span class='ocrx_word' id='word_1_138' title='bbox 1031 1865 1097 1927; x_wconf 89' lang='lat' dir='ltr'>fere</span> <span class='ocrx_word' id='word_1_139' title='bbox 1113 1885 1200 1928; x_wconf 85' lang='lat' dir='ltr'>nona</span> <span class='ocrx_word' id='word_1_140' title='bbox 1214 1864 1310 1945; x_wconf 91' lang='lat' dir='ltr'>quasi</span> 
     </span>
     <span class='ocr_line' id='line_1_16' title="bbox 111 1966 1356 2052; baseline 0.001 -20"><span class='ocrx_word' id='word_1_141' title='bbox 111 1969 206 2052; x_wconf 87' lang='lat' dir='ltr'>signo</span> <span class='ocrx_word' id='word_1_142' title='bbox 221 1968 302 2031; x_wconf 89' lang='lat' dir='ltr'>dato</span> <span class='ocrx_word' id='word_1_143' title='bbox 319 1966 471 2030; x_wconf 90' lang='lat' dir='ltr'>Clodiani</span> <span class='ocrx_word' id='word_1_144' title='bbox 487 1975 617 2030; x_wconf 88' lang='lat' dir='ltr'>nostros</span> <span class='ocrx_word' id='word_1_145' title='bbox 632 1976 829 2049; x_wconf 89' lang='lat' dir='ltr'>consputare</span> <span class='ocrx_word' id='word_1_146' title='bbox 845 1978 1042 2051; x_wconf 89' lang='lat' dir='ltr'>coeperunt:</span> <span class='ocrx_word' id='word_1_147' title='bbox 1067 1968 1190 2032; x_wconf 85' lang='lat' dir='ltr'>exarsit</span> <span class='ocrx_word' id='word_1_148' title='bbox 1206 1968 1309 2034; x_wconf 92' lang='lat' dir='ltr'>dolor.</span> <span class='ocrx_word' id='word_1_149' title='bbox 1326 1998 1356 2050; x_wconf 83' lang='lat'>15</span> 
     </span>
     <span class='ocr_line' id='line_1_17' title="bbox 112 2069 1309 2157; baseline -0.001 -20"><span class='ocrx_word' id='word_1_150' title='bbox 112 2072 240 2155; x_wconf 82' lang='lat' dir='ltr'>Urgere</span> <span class='ocrx_word' id='word_1_151' title='bbox 261 2071 317 2143; x_wconf 91' lang='lat' dir='ltr'>illi,</span> <span class='ocrx_word' id='word_1_152' title='bbox 333 2079 370 2133; x_wconf 93' lang='lat' dir='ltr'>ut</span> <span class='ocrx_word' id='word_1_153' title='bbox 385 2069 459 2134; x_wconf 90' lang='lat' dir='ltr'>loco</span> <span class='ocrx_word' id='word_1_154' title='bbox 478 2089 537 2132; x_wconf 91' lang='lat' dir='ltr'>nos</span> <span class='ocrx_word' id='word_1_155' title='bbox 561 2080 751 2146; x_wconf 86' lang='lat' dir='ltr'>moverent3</span> <span class='ocrx_word' id='word_1_156' title='bbox 774 2071 879 2136; x_wconf 90' lang='lat' dir='ltr'>factus</span> <span class='ocrx_word' id='word_1_157' title='bbox 897 2081 946 2135; x_wconf 89' lang='lat' dir='ltr'>est</span> <span class='ocrx_word' id='word_1_158' title='bbox 965 2093 986 2135; x_wconf 86' lang='lat' dir='ltr'>a</span> <span class='ocrx_word' id='word_1_159' title='bbox 1006 2074 1126 2136; x_wconf 88' lang='lat' dir='ltr'>nostris</span> <span class='ocrx_word' id='word_1_160' title='bbox 1149 2073 1309 2157; x_wconf 89' lang='lat' dir='ltr'>impetus;</span> 
     </span>
     <span class='ocr_line' id='line_1_18' title="bbox 111 2174 1309 2259; baseline -0.001 -20"><span class='ocrx_word' id='word_1_161' title='bbox 111 2174 190 2259; x_wconf 85' lang='lat' dir='ltr'>fuga</span> <span class='ocrx_word' id='word_1_162' title='bbox 212 2193 410 2257; x_wconf 90' lang='lat' dir='ltr'>operarum;</span> <span class='ocrx_word' id='word_1_163' title='bbox 434 2175 555 2236; x_wconf 89' lang='lat' dir='ltr'>eiectus</span> <span class='ocrx_word' id='word_1_164' title='bbox 575 2175 618 2237; x_wconf 95' lang='lat' dir='ltr'>de</span> <span class='ocrx_word' id='word_1_165' title='bbox 640 2175 753 2238; x_wconf 87' lang='lat' dir='ltr'>rostris</span> <span class='ocrx_word' id='word_1_166' title='bbox 770 2174 925 2253; x_wconf 90' lang='lat' dir='ltr'>Clodius;</span> <span class='ocrx_word' id='word_1_167' title='bbox 949 2196 987 2240; x_wconf 91' lang='lat' dir='ltr'>ac</span> <span class='ocrx_word' id='word_1_168' title='bbox 1009 2196 1070 2238; x_wconf 89' lang='lat' dir='ltr'>nos</span> <span class='ocrx_word' id='word_1_169' title='bbox 1088 2196 1222 2258; x_wconf 91' lang='lat' dir='ltr'>quoque</span> <span class='ocrx_word' id='word_1_170' title='bbox 1238 2186 1309 2240; x_wconf 92' lang='lat' dir='ltr'>tum</span> 
     </span>
     <span class='ocr_line' id='line_1_19' title="bbox 110 2276 1309 2363; baseline 0.002 -22"><span class='ocrx_word' id='word_1_171' title='bbox 110 2279 263 2361; x_wconf 85' lang='lat' dir='ltr'>fugimus,</span> <span class='ocrx_word' id='word_1_172' title='bbox 276 2298 316 2340; x_wconf 91' lang='lat' dir='ltr'>ne</span> <span class='ocrx_word' id='word_1_173' title='bbox 328 2277 408 2360; x_wconf 92' lang='lat' dir='ltr'>quid</span> <span class='ocrx_word' id='word_1_174' title='bbox 424 2277 456 2338; x_wconf 90' lang='lat' dir='ltr'>in</span> <span class='ocrx_word' id='word_1_175' title='bbox 472 2277 579 2340; x_wconf 89' lang='lat' dir='ltr'>turba.</span> <span class='ocrx_word' id='word_1_176' title='bbox 625 2276 767 2342; x_wconf 90' lang='lat' dir='ltr'>Senatus</span> <span class='ocrx_word' id='word_1_177' title='bbox 778 2287 914 2343; x_wconf 91' lang='lat' dir='ltr'>vocatus</span> <span class='ocrx_word' id='word_1_178' title='bbox 928 2280 962 2342; x_wconf 92' lang='lat' dir='ltr'>in</span> <span class='ocrx_word' id='word_1_179' title='bbox 974 2280 1114 2356; x_wconf 88' lang='lat' dir='ltr'>curiam;</span> <span class='ocrx_word' id='word_1_180' title='bbox 1132 2280 1309 2363; x_wconf 89' lang='lat' dir='ltr'>Pompeius</span> 
     </span>
     <span class='ocr_line' id='line_1_20' title="bbox 110 2382 1309 2464; baseline 0 -19"><span class='ocrx_word' id='word_1_181' title='bbox 110 2383 269 2446; x_wconf 90' lang='lat' dir='ltr'>domum:</span> <span class='ocrx_word' id='word_1_182' title='bbox 293 2402 401 2462; x_wconf 92' lang='lat' dir='ltr'>neque</span> <span class='ocrx_word' id='word_1_183' title='bbox 420 2401 483 2464; x_wconf 87' lang='lat' dir='ltr'>ego</span> <span class='ocrx_word' id='word_1_184' title='bbox 505 2391 618 2445; x_wconf 89' lang='lat' dir='ltr'>tamen</span> <span class='ocrx_word' id='word_1_185' title='bbox 641 2382 674 2444; x_wconf 91' lang='lat' dir='ltr'>in</span> <span class='ocrx_word' id='word_1_186' title='bbox 698 2392 858 2457; x_wconf 88' lang='lat' dir='ltr'>senatum,</span> <span class='ocrx_word' id='word_1_187' title='bbox 880 2404 922 2447; x_wconf 92' lang='lat' dir='ltr'>ne</span> <span class='ocrx_word' id='word_1_188' title='bbox 947 2392 1004 2446; x_wconf 89' lang='lat' dir='ltr'>aut</span> <span class='ocrx_word' id='word_1_189' title='bbox 1025 2384 1068 2446; x_wconf 91' lang='lat' dir='ltr'>de</span> <span class='ocrx_word' id='word_1_190' title='bbox 1088 2385 1192 2446; x_wconf 87' lang='lat' dir='ltr'>tantis</span> <span class='ocrx_word' id='word_1_191' title='bbox 1213 2384 1309 2447; x_wconf 90' lang='lat' dir='ltr'>rebus</span> 
     </span>
     <span class='ocr_line' id='line_1_21' title="bbox 110 2484 1356 2570; baseline 0.004 -21"><span class='ocrx_word' id='word_1_192' title='bbox 110 2495 256 2550; x_wconf 90' lang='lat' dir='ltr'>tacerem</span> <span class='ocrx_word' id='word_1_193' title='bbox 272 2495 330 2550; x_wconf 85' lang='lat' dir='ltr'>aut</span> <span class='ocrx_word' id='word_1_194' title='bbox 343 2486 375 2547; x_wconf 91' lang='lat' dir='ltr'>in</span> <span class='ocrx_word' id='word_1_195' title='bbox 384 2484 544 2569; x_wconf 88' lang='lat' dir='ltr'>Pompeio</span> <span class='ocrx_word' id='word_1_196' title='bbox 556 2486 885 2550; x_wconf 80' lang='lat' dir='ltr'>defendendo-nam</span> <span class='ocrx_word' id='word_1_197' title='bbox 899 2487 926 2550; x_wconf 90' lang='lat' dir='ltr'>is</span> <span class='ocrx_word' id='word_1_198' title='bbox 937 2487 1134 2570; x_wconf 87' lang='lat' dir='ltr'>carpebatur</span> <span class='ocrx_word' id='word_1_199' title='bbox 1149 2508 1168 2549; x_wconf 91' lang='lat' dir='ltr'>a</span> <span class='ocrx_word' id='word_1_200' title='bbox 1180 2486 1309 2565; x_wconf 92' lang='lat' dir='ltr'>Bibul0,</span> <span class='ocrx_word' id='word_1_201' title='bbox 1324 2518 1356 2553; x_wconf 67' lang='grc' dir='ltr'>ιο</span> 
     </span>
    </p>
   </div>
   <div class='ocr_carea' id='block_1_3' title="bbox 105 2629 1309 4532">
    <p class='ocr_par' dir='ltr' id='par_1_3' title="bbox 146 2629 1309 2696">
     <span class='ocr_line' id='line_1_22' title="bbox 146 2629 1309 2696; baseline 0.001 -16"><span class='ocrx_word' id='word_1_202' title='bbox 146 2645 167 2682; x_wconf 92' lang='lat' dir='ltr'>r.</span> <span class='ocrx_word' id='word_1_203' title='bbox 185 2633 294 2688; x_wconf 79' lang='lat' dir='ltr'>Operae</span> <span class='ocrx_word' id='word_1_204' title='bbox 307 2633 468 2690; x_wconf 71' lang='lat' dir='ltr'>Clodianae,</span> <span class='ocrx_word' id='word_1_205' title='bbox 482 2629 538 2679; x_wconf 89' lang='lat' dir='ltr'>‘the</span> <span class='ocrx_word' id='word_1_206' title='bbox 547 2630 617 2680; x_wconf 86' lang='lat' dir='ltr'>hired</span> <span class='ocrx_word' id='word_1_207' title='bbox 630 2647 684 2696; x_wconf 84' lang='lat' dir='ltr'>par-</span> <span class='ocrx_word' id='word_1_208' title='bbox 770 2646 793 2696; x_wconf 92' lang='lat'>9.</span> <span class='ocrx_word' id='word_1_209' title='bbox 811 2633 881 2680; x_wconf 78' lang='lat' dir='ltr'>cum</span> <span class='ocrx_word' id='word_1_210' title='bbox 899 2634 995 2681; x_wconf 80' lang='lat' dir='ltr'>omnia</span> <span class='ocrx_word' id='word_1_211' title='bbox 1013 2668 1019 2680; x_wconf 88' lang='lat'>.</span> <span class='ocrx_word' id='word_1_212' title='bbox 1039 2668 1045 2680; x_wconf 95' lang='lat'>.</span> <span class='ocrx_word' id='word_1_213' title='bbox 1064 2635 1234 2681; x_wconf 82' lang='lat' dir='ltr'>dtoerentnr.</span> <span class='ocrx_word' id='word_1_214' title='bbox 1268 2632 1309 2681; x_wconf 92' lang='lat' dir='ltr'>On</span> 
     </span>
    </p>

    <p class='ocr_par' dir='ltr' id='par_1_4' title="bbox 109 2696 1308 2827">
     <span class='ocr_line' id='line_1_23' title="bbox 109 2696 1202 2760; baseline -0.003 -12"><span class='ocrx_word' id='word_1_215' title='bbox 109 2699 187 2748; x_wconf 83' lang='lat' dir='ltr'>tisans</span> <span class='ocrx_word' id='word_1_216' title='bbox 198 2697 228 2746; x_wconf 95' lang='lat' dir='ltr'>of</span> <span class='ocrx_word' id='word_1_217' title='bbox 242 2696 361 2745; x_wconf 76' lang='lat' dir='ltr'>Clodius’</span> <span class='ocrx_word' id='word_1_218' title='bbox 394 2696 440 2746; x_wconf 89' lang='lat' dir='ltr'>See</span> <span class='ocrx_word' id='word_1_219' title='bbox 452 2696 499 2759; x_wconf 88' lang='lat' dir='ltr'>Ep.</span> <span class='ocrx_word' id='word_1_220' title='bbox 512 2696 535 2745; x_wconf 86' lang='lat'>6.</span> <span class='ocrx_word' id='word_1_221' title='bbox 549 2710 573 2758; x_wconf 81' lang='lat'>3,</span> <span class='ocrx_word' id='word_1_222' title='bbox 585 2705 651 2747; x_wconf 86' lang='lat' dir='ltr'>note.</span> <span class='ocrx_word' id='word_1_223' title='bbox 735 2696 777 2746; x_wconf 92' lang='lat' dir='ltr'>the</span> <span class='ocrx_word' id='word_1_224' title='bbox 789 2697 873 2751; x_wconf 85' lang='lat' dir='ltr'>moorl,</span> <span class='ocrx_word' id='word_1_225' title='bbox 885 2712 923 2760; x_wconf 90' lang='lat' dir='ltr'>cp.</span> <span class='ocrx_word' id='word_1_226' title='bbox 936 2696 1020 2744; x_wconf 82' lang='lat' dir='ltr'>Madv.</span> <span class='ocrx_word' id='word_1_227' title='bbox 1035 2699 1091 2759; x_wconf 79' lang='lat'>358,</span> <span class='ocrx_word' id='word_1_228' title='bbox 1105 2697 1166 2745; x_wconf 90' lang='lat' dir='ltr'>Obs.</span> <span class='ocrx_word' id='word_1_229' title='bbox 1180 2711 1202 2759; x_wconf 83' lang='lat'>3.</span> 
     </span>
     <span class='ocr_line' id='line_1_24' title="bbox 143 2761 1308 2827; baseline -0.001 -14"><span class='ocrx_word' id='word_1_230' title='bbox 143 2767 286 2820; x_wconf 77' lang='lat' dir='ltr'>Perpetua</span> <span class='ocrx_word' id='word_1_231' title='bbox 297 2765 433 2821; x_wconf 85' lang='lat' dir='ltr'>oratione,</span> <span class='ocrx_word' id='word_1_232' title='bbox 444 2762 548 2826; x_wconf 78' lang='lat' dir='ltr'>‘during</span> <span class='ocrx_word' id='word_1_233' title='bbox 556 2762 595 2811; x_wconf 86' lang='lat' dir='ltr'>his</span> <span class='ocrx_word' id='word_1_234' title='bbox 604 2762 685 2812; x_wconf 88' lang='lat' dir='ltr'>whole</span> <span class='ocrx_word' id='word_1_235' title='bbox 771 2776 808 2810; x_wconf 89' lang='lat'>10.</span> <span class='ocrx_word' id='word_1_236' title='bbox 827 2765 967 2812; x_wconf 75' lang='lat' dir='ltr'>Clodiam:</span> <span class='ocrx_word' id='word_1_237' title='bbox 986 2778 1025 2826; x_wconf 88' lang='lat' dir='ltr'>cp.</span> <span class='ocrx_word' id='word_1_238' title='bbox 1039 2762 1103 2826; x_wconf 90' lang='lat' dir='ltr'>Epp.</span> <span class='ocrx_word' id='word_1_239' title='bbox 1119 2777 1142 2824; x_wconf 86' lang='lat'>5,</span> <span class='ocrx_word' id='word_1_240' title='bbox 1155 2761 1179 2823; x_wconf 89' lang='grc'>6,</span> <span class='ocrx_word' id='word_1_241' title='bbox 1194 2772 1265 2823; x_wconf 90' lang='lat' dir='ltr'>note;</span> <span class='ocrx_word' id='word_1_242' title='bbox 1283 2777 1308 2827; x_wconf 91' lang='lat'>9,</span> 
     </span>
    </p>

    <p class='ocr_par' dir='ltr' id='par_1_5' title="bbox 109 2825 1036 2958">
     <span class='ocr_line' id='line_1_25' title="bbox 109 2825 875 2894; baseline -0.005 -16"><span class='ocrx_word' id='word_1_243' title='bbox 109 2826 216 2894; x_wconf 65' lang='lat' dir='ltr'>speech!</span> <span class='ocrx_word' id='word_1_244' title='bbox 249 2827 296 2891; x_wconf 89' lang='lat' dir='ltr'>Cp.</span> <span class='ocrx_word' id='word_1_245' title='bbox 309 2827 395 2875; x_wconf 87' lang='lat' dir='ltr'>Madv.</span> <span class='ocrx_word' id='word_1_246' title='bbox 410 2825 466 2890; x_wconf 79' lang='lat'>276,</span> <span class='ocrx_word' id='word_1_247' title='bbox 477 2826 538 2877; x_wconf 86' lang='lat' dir='ltr'>Obs.</span> <span class='ocrx_word' id='word_1_248' title='bbox 553 2842 575 2875; x_wconf 84' lang='lat'>2.</span> <span class='ocrx_word' id='word_1_249' title='bbox 735 2840 875 2891; x_wconf 80' lang='lat'>5;29,15.</span> 
     </span>
     <span class='ocr_line' id='line_1_26' title="bbox 145 2891 1036 2958; baseline 0.001 -16"><span class='ocrx_word' id='word_1_250' title='bbox 145 2910 167 2944; x_wconf 68' lang='grc' dir='ltr'>ι,</span> <span class='ocrx_word' id='word_1_251' title='bbox 185 2898 251 2942; x_wconf 79' lang='lat' dir='ltr'>Non</span> <span class='ocrx_word' id='word_1_252' title='bbox 264 2896 347 2943; x_wconf 85' lang='lat' dir='ltr'>modo</span> <span class='ocrx_word' id='word_1_253' title='bbox 359 2900 399 2941; x_wconf 88' lang='lat' dir='ltr'>nt.</span> <span class='ocrx_word' id='word_1_254' title='bbox 434 2893 475 2942; x_wconf 90' lang='lat' dir='ltr'>On</span> <span class='ocrx_word' id='word_1_255' title='bbox 485 2891 527 2942; x_wconf 83' lang='lat' dir='ltr'>the</span> <span class='ocrx_word' id='word_1_256' title='bbox 538 2893 647 2958; x_wconf 89' lang='lat' dir='ltr'>position</span> <span class='ocrx_word' id='word_1_257' title='bbox 659 2893 689 2942; x_wconf 94' lang='lat' dir='ltr'>of</span> <span class='ocrx_word' id='word_1_258' title='bbox 767 2895 935 2954; x_wconf 72' lang='lat' dir='ltr'>Exaanssnia,</span> <span class='ocrx_word' id='word_1_259' title='bbox 949 2891 1036 2958; x_wconf 80' lang='lat' dir='ltr'>‘pale’</span> 
     </span>
    </p>

    <p class='ocr_par' dir='ltr' id='par_1_6' title="bbox 111 2957 1308 3089">
     <span class='ocr_line' id='line_1_27' title="bbox 111 2957 1308 3024; baseline 0.001 -15"><span class='ocrx_word' id='word_1_260' title='bbox 111 2958 171 3020; x_wconf 87' lang='lat' dir='ltr'>‘ut,&#39;</span> <span class='ocrx_word' id='word_1_261' title='bbox 181 2975 219 3024; x_wconf 92' lang='lat' dir='ltr'>cp.</span> <span class='ocrx_word' id='word_1_262' title='bbox 232 2958 317 3008; x_wconf 84' lang='lat' dir='ltr'>Madv.</span> <span class='ocrx_word' id='word_1_263' title='bbox 329 2957 377 3021; x_wconf 85' lang='lat'>465</span> <span class='ocrx_word' id='word_1_264' title='bbox 391 2958 415 3018; x_wconf 94' lang='lat' dir='ltr'>b,</span> <span class='ocrx_word' id='word_1_265' title='bbox 428 2957 488 3008; x_wconf 84' lang='lat' dir='ltr'>Obs.</span> <span class='ocrx_word' id='word_1_266' title='bbox 767 2963 803 3007; x_wconf 92' lang='lat' dir='ltr'>In</span> <span class='ocrx_word' id='word_1_267' title='bbox 818 2962 939 3009; x_wconf 82' lang='lat' dir='ltr'>elamore</span> <span class='ocrx_word' id='word_1_268' title='bbox 951 2962 1021 3017; x_wconf 82' lang='lat' dir='ltr'>ipso,</span> <span class='ocrx_word' id='word_1_269' title='bbox 1034 2960 1073 3008; x_wconf 82' lang='lat' dir='ltr'>‘in</span> <span class='ocrx_word' id='word_1_270' title='bbox 1084 2958 1126 3009; x_wconf 90' lang='lat' dir='ltr'>the</span> <span class='ocrx_word' id='word_1_271' title='bbox 1137 2959 1212 3009; x_wconf 84' lang='lat' dir='ltr'>midst</span> <span class='ocrx_word' id='word_1_272' title='bbox 1223 2959 1252 3008; x_wconf 92' lang='lat' dir='ltr'>of</span> <span class='ocrx_word' id='word_1_273' title='bbox 1266 2960 1308 3010; x_wconf 85' lang='lat' dir='ltr'>the</span> 
     </span>
     <span class='ocr_line' id='line_1_28' title="bbox 143 3022 1030 3089; baseline -0.003 -14"><span class='ocrx_word' id='word_1_274' title='bbox 143 3028 367 3085; x_wconf 75' lang='lat' dir='ltr'>Adclamatione,</span> <span class='ocrx_word' id='word_1_275' title='bbox 381 3022 497 3088; x_wconf 80' lang='lat' dir='ltr'>‘ontcry.&#39;</span> <span class='ocrx_word' id='word_1_276' title='bbox 531 3023 578 3088; x_wconf 93' lang='lat' dir='ltr'>Cp.</span> <span class='ocrx_word' id='word_1_277' title='bbox 596 3025 636 3072; x_wconf 81' lang='lat' dir='ltr'>Ad</span> <span class='ocrx_word' id='word_1_278' title='bbox 652 3025 683 3088; x_wconf 90' lang='lat' dir='ltr'>Q.</span> <span class='ocrx_word' id='word_1_279' title='bbox 735 3025 841 3074; x_wconf 88' lang='lat' dir='ltr'>outcries</span> <span class='ocrx_word' id='word_1_280' title='bbox 853 3022 1030 3089; x_wconf 63' lang='lat' dir='ltr'>againsthim!</span> 
     </span>
    </p>

    <p class='ocr_par' dir='ltr' id='par_1_7' title="bbox 111 3089 1309 3157">
     <span class='ocr_line' id='line_1_29' title="bbox 111 3089 1309 3157; baseline -0.001 -18"><span class='ocrx_word' id='word_1_281' title='bbox 111 3090 140 3139; x_wconf 88' lang='lat' dir='ltr'>F.</span> <span class='ocrx_word' id='word_1_282' title='bbox 161 3104 183 3139; x_wconf 86' lang='lat' dir='ltr'>a.</span> <span class='ocrx_word' id='word_1_283' title='bbox 205 3103 226 3151; x_wconf 93' lang='lat'>1,</span> <span class='ocrx_word' id='word_1_284' title='bbox 247 3103 269 3149; x_wconf 82' lang='lat' dir='ltr'>a,</span> <span class='ocrx_word' id='word_1_285' title='bbox 291 3090 374 3139; x_wconf 83' lang='lat' dir='ltr'>where</span> <span class='ocrx_word' id='word_1_286' title='bbox 396 3089 438 3139; x_wconf 88' lang='lat' dir='ltr'>the</span> <span class='ocrx_word' id='word_1_287' title='bbox 457 3089 540 3138; x_wconf 84' lang='lat' dir='ltr'>words</span> <span class='ocrx_word' id='word_1_288' title='bbox 559 3091 684 3140; x_wconf 86' lang='lat' dir='ltr'>‘maxima</span> <span class='ocrx_word' id='word_1_289' title='bbox 769 3104 807 3139; x_wconf 91' lang='lat'>11.</span> <span class='ocrx_word' id='word_1_290' title='bbox 824 3095 911 3140; x_wconf 69' lang='lat' dir='ltr'>Fame</span> <span class='ocrx_word' id='word_1_291' title='bbox 934 3097 1053 3150; x_wconf 88' lang='lat' dir='ltr'>neoaret,</span> <span class='ocrx_word' id='word_1_292' title='bbox 1078 3090 1124 3140; x_wconf 81' lang='lat' dir='ltr'>ie.</span> <span class='ocrx_word' id='word_1_293' title='bbox 1146 3091 1181 3155; x_wconf 88' lang='lat' dir='ltr'>by</span> <span class='ocrx_word' id='word_1_294' title='bbox 1200 3090 1309 3157; x_wconf 84' lang='lat' dir='ltr'>keeping</span> 
     </span>
    </p>

    <p class='ocr_par' dir='ltr' id='par_1_8' title="bbox 109 3154 1308 3222">
     <span class='ocr_line' id='line_1_30' title="bbox 109 3154 1308 3222; baseline 0 -17"><span class='ocrx_word' id='word_1_295' title='bbox 109 3155 291 3205; x_wconf 76' lang='lat' dir='ltr'>adclamatione</span> <span class='ocrx_word' id='word_1_296' title='bbox 313 3154 426 3206; x_wconf 83' lang='lat' dir='ltr'>senatus’</span> <span class='ocrx_word' id='word_1_297' title='bbox 450 3170 491 3204; x_wconf 83' lang='lat' dir='ltr'>are</span> <span class='ocrx_word' id='word_1_298' title='bbox 514 3155 575 3204; x_wconf 83' lang='lat' dir='ltr'>used</span> <span class='ocrx_word' id='word_1_299' title='bbox 594 3156 624 3204; x_wconf 95' lang='lat' dir='ltr'>of</span> <span class='ocrx_word' id='word_1_300' title='bbox 643 3156 685 3207; x_wconf 84' lang='lat' dir='ltr'>the</span> <span class='ocrx_word' id='word_1_301' title='bbox 735 3157 798 3207; x_wconf 85' lang='lat' dir='ltr'>back</span> <span class='ocrx_word' id='word_1_302' title='bbox 815 3157 926 3221; x_wconf 84' lang='lat' dir='ltr'>supplies</span> <span class='ocrx_word' id='word_1_303' title='bbox 943 3157 971 3205; x_wconf 95' lang='lat' dir='ltr'>of</span> <span class='ocrx_word' id='word_1_304' title='bbox 989 3172 1054 3214; x_wconf 85' lang='lat' dir='ltr'>com,</span> <span class='ocrx_word' id='word_1_305' title='bbox 1074 3171 1101 3204; x_wconf 91' lang='lat' dir='ltr'>or</span> <span class='ocrx_word' id='word_1_306' title='bbox 1118 3157 1150 3220; x_wconf 92' lang='lat' dir='ltr'>by</span> <span class='ocrx_word' id='word_1_307' title='bbox 1168 3158 1308 3222; x_wconf 75' lang='lat' dir='ltr'>neglecting</span> 
     </span>
    </p>

    <p class='ocr_par' dir='ltr' id='par_1_9' title="bbox 112 3219 1308 3353">
     <span class='ocr_line' id='line_1_31' title="bbox 112 3219 1308 3288; baseline 0.002 -19"><span class='ocrx_word' id='word_1_308' title='bbox 112 3222 240 3285; x_wconf 87' lang='lat' dir='ltr'>receptiou</span> <span class='ocrx_word' id='word_1_309' title='bbox 252 3222 323 3283; x_wconf 83' lang='lat' dir='ltr'>given</span> <span class='ocrx_word' id='word_1_310' title='bbox 336 3231 362 3270; x_wconf 90' lang='lat' dir='ltr'>to</span> <span class='ocrx_word' id='word_1_311' title='bbox 374 3238 405 3270; x_wconf 87' lang='lat' dir='ltr'>an</span> <span class='ocrx_word' id='word_1_312' title='bbox 415 3219 556 3285; x_wconf 85' lang='lat' dir='ltr'>unpopular</span> <span class='ocrx_word' id='word_1_313' title='bbox 568 3223 672 3270; x_wconf 87' lang='lat' dir='ltr'>motion.</span> <span class='ocrx_word' id='word_1_314' title='bbox 735 3222 772 3271; x_wconf 85' lang='lat' dir='ltr'>his</span> <span class='ocrx_word' id='word_1_315' title='bbox 783 3223 863 3272; x_wconf 79' lang='lat' dir='ltr'>duties</span> <span class='ocrx_word' id='word_1_316' title='bbox 877 3238 904 3271; x_wconf 84' lang='lat' dir='ltr'>as</span> <span class='ocrx_word' id='word_1_317' title='bbox 920 3223 1105 3271; x_wconf 90' lang='lat' dir='ltr'>commissioner</span> <span class='ocrx_word' id='word_1_318' title='bbox 1121 3222 1159 3272; x_wconf 89' lang='lat' dir='ltr'>for</span> <span class='ocrx_word' id='word_1_319' title='bbox 1173 3224 1308 3288; x_wconf 81' lang='lat' dir='ltr'>supplying</span> 
     </span>
     <span class='ocr_line' id='line_1_32' title="bbox 143 3286 1134 3353; baseline 0.002 -18"><span class='ocrx_word' id='word_1_320' title='bbox 143 3300 166 3347; x_wconf 75' lang='lat'>3.</span> <span class='ocrx_word' id='word_1_321' title='bbox 185 3289 341 3347; x_wconf 87' lang='lat' dir='ltr'>Peroravlt,</span> <span class='ocrx_word' id='word_1_322' title='bbox 354 3287 506 3336; x_wconf 86' lang='lat' dir='ltr'>‘concluded</span> <span class='ocrx_word' id='word_1_323' title='bbox 522 3286 561 3336; x_wconf 90' lang='lat' dir='ltr'>his</span> <span class='ocrx_word' id='word_1_324' title='bbox 578 3286 683 3353; x_wconf 66' lang='lat' dir='ltr'>speech?</span> <span class='ocrx_word' id='word_1_325' title='bbox 734 3290 761 3338; x_wconf 88' lang='lat' dir='ltr'>it.</span> <span class='ocrx_word' id='word_1_326' title='bbox 796 3290 842 3351; x_wconf 90' lang='lat' dir='ltr'>Cp.</span> <span class='ocrx_word' id='word_1_327' title='bbox 857 3288 904 3352; x_wconf 87' lang='lat' dir='ltr'>Ep.</span> <span class='ocrx_word' id='word_1_328' title='bbox 918 3302 957 3347; x_wconf 68' lang='grc' dir='ltr'>πο,</span> <span class='ocrx_word' id='word_1_329' title='bbox 969 3286 1025 3351; x_wconf 84' lang='lat'>6-7,</span> <span class='ocrx_word' id='word_1_330' title='bbox 1039 3297 1098 3336; x_wconf 89' lang='lat' dir='ltr'>note</span> <span class='ocrx_word' id='word_1_331' title='bbox 1110 3302 1134 3351; x_wconf 84' lang='lat'>5.</span> 
     </span>
    </p>

    <p class='ocr_par' dir='ltr' id='par_1_10' title="bbox 109 3352 1308 3482">
     <span class='ocr_line' id='line_1_33' title="bbox 109 3352 1308 3416; baseline 0.002 -14"><span class='ocrx_word' id='word_1_332' title='bbox 109 3352 215 3402; x_wconf 85' lang='lat' dir='ltr'>Foroell.</span> <span class='ocrx_word' id='word_1_333' title='bbox 770 3367 806 3416; x_wconf 90' lang='lat'>15.</span> <span class='ocrx_word' id='word_1_334' title='bbox 825 3358 1006 3410; x_wconf 74' lang='lat' dir='ltr'>consputare.</span> <span class='ocrx_word' id='word_1_335' title='bbox 1049 3354 1112 3402; x_wconf 87' lang='lat' dir='ltr'>This</span> <span class='ocrx_word' id='word_1_336' title='bbox 1133 3353 1203 3402; x_wconf 87' lang='lat' dir='ltr'>word</span> <span class='ocrx_word' id='word_1_337' title='bbox 1229 3370 1308 3404; x_wconf 85' lang='lat' dir='ltr'>seems</span> 
     </span>
     <span class='ocr_line' id='line_1_34' title="bbox 142 3416 1037 3482; baseline 0.002 -16"><span class='ocrx_word' id='word_1_338' title='bbox 142 3435 166 3482; x_wconf 74' lang='lat'><em>4</em></span> <span class='ocrx_word' id='word_1_339' title='bbox 185 3421 285 3466; x_wconf 83' lang='lat' dir='ltr'>Dixit.</span> <span class='ocrx_word' id='word_1_340' title='bbox 303 3454 309 3466; x_wconf 92' lang='lat'>.</span> <span class='ocrx_word' id='word_1_341' title='bbox 325 3424 478 3479; x_wconf 70' lang='lat' dir='ltr'>peregerat,</span> <span class='ocrx_word' id='word_1_342' title='bbox 497 3417 576 3468; x_wconf 84' lang='lat' dir='ltr'>either</span> <span class='ocrx_word' id='word_1_343' title='bbox 593 3416 684 3468; x_wconf 86' lang='lat' dir='ltr'>‘dixit&#39;</span> <span class='ocrx_word' id='word_1_344' title='bbox 734 3419 794 3482; x_wconf 87' lang='lat' dir='ltr'>only</span> <span class='ocrx_word' id='word_1_345' title='bbox 805 3428 831 3468; x_wconf 93' lang='lat' dir='ltr'>to</span> <span class='ocrx_word' id='word_1_346' title='bbox 843 3420 874 3468; x_wconf 93' lang='lat' dir='ltr'>be</span> <span class='ocrx_word' id='word_1_347' title='bbox 885 3418 961 3468; x_wconf 80' lang='lat' dir='ltr'>found</span> <span class='ocrx_word' id='word_1_348' title='bbox 973 3419 1037 3468; x_wconf 91' lang='lat' dir='ltr'>here.</span> 
     </span>
    </p>

    <p class='ocr_par' dir='ltr' id='par_1_11' title="bbox 109 3480 1308 3548">
     <span class='ocr_line' id='line_1_35' title="bbox 109 3480 1308 3548; baseline 0.002 -17"><span class='ocrx_word' id='word_1_349' title='bbox 109 3499 138 3532; x_wconf 92' lang='lat' dir='ltr'>or</span> <span class='ocrx_word' id='word_1_350' title='bbox 155 3480 311 3548; x_wconf 79' lang='lat' dir='ltr'>‘peregerat’</span> <span class='ocrx_word' id='word_1_351' title='bbox 325 3499 404 3532; x_wconf 82' lang='lat' dir='ltr'>seems</span> <span class='ocrx_word' id='word_1_352' title='bbox 416 3484 576 3547; x_wconf 84' lang='lat' dir='ltr'>superfluous.</span> <span class='ocrx_word' id='word_1_353' title='bbox 610 3484 685 3532; x_wconf 86' lang='lat' dir='ltr'>Lam·</span> <span class='ocrx_word' id='word_1_354' title='bbox 769 3496 806 3547; x_wconf 79' lang='lat'>17.</span> <span class='ocrx_word' id='word_1_355' title='bbox 824 3488 905 3542; x_wconf 70' lang='lat' dir='ltr'>Fuga</span> <span class='ocrx_word' id='word_1_356' title='bbox 926 3500 1081 3544; x_wconf 82' lang='lat' dir='ltr'>operarum,</span> <span class='ocrx_word' id='word_1_357' title='bbox 1100 3500 1134 3534; x_wconf 89' lang='lat' dir='ltr'>sc.</span> <span class='ocrx_word' id='word_1_358' title='bbox 1155 3485 1235 3534; x_wconf 83' lang='lat' dir='ltr'>‘facta</span> <span class='ocrx_word' id='word_1_359' title='bbox 1252 3482 1308 3535; x_wconf 68' lang='lat' dir='ltr'>est!</span> 
     </span>
    </p>

    <p class='ocr_par' dir='ltr' id='par_1_12' title="bbox 108 3548 980 3614">
     <span class='ocr_line' id='line_1_36' title="bbox 108 3548 980 3614; baseline 0 -15"><span class='ocrx_word' id='word_1_360' title='bbox 108 3549 180 3599; x_wconf 82' lang='lat' dir='ltr'>binus</span> <span class='ocrx_word' id='word_1_361' title='bbox 187 3549 270 3599; x_wconf 84' lang='lat' dir='ltr'>would</span> <span class='ocrx_word' id='word_1_362' title='bbox 280 3549 355 3599; x_wconf 84' lang='lat' dir='ltr'>insert</span> <span class='ocrx_word' id='word_1_363' title='bbox 366 3548 491 3612; x_wconf 86' lang='lat' dir='ltr'>‘semper&#39;</span> <span class='ocrx_word' id='word_1_364' title='bbox 505 3550 588 3599; x_wconf 79' lang='lat' dir='ltr'>before</span> <span class='ocrx_word' id='word_1_365' title='bbox 602 3554 684 3614; x_wconf 89' lang='lat' dir='ltr'>‘pere-</span> <span class='ocrx_word' id='word_1_366' title='bbox 735 3550 780 3614; x_wconf 93' lang='lat' dir='ltr'>Cp.</span> <span class='ocrx_word' id='word_1_367' title='bbox 794 3550 879 3599; x_wconf 86' lang='lat' dir='ltr'>Madv.</span> <span class='ocrx_word' id='word_1_368' title='bbox 896 3561 944 3613; x_wconf 79' lang='lat'>479</span> <span class='ocrx_word' id='word_1_369' title='bbox 955 3550 980 3600; x_wconf 90' lang='lat' dir='ltr'>d.</span> 
     </span>
    </p>

    <p class='ocr_par' dir='ltr' id='par_1_13' title="bbox 106 3614 1307 3680">
     <span class='ocr_line' id='line_1_37' title="bbox 106 3614 1307 3680; baseline 0 -17"><span class='ocrx_word' id='word_1_370' title='bbox 106 3615 195 3680; x_wconf 84' lang='lat' dir='ltr'>gerat,&#39;</span> <span class='ocrx_word' id='word_1_371' title='bbox 205 3614 288 3664; x_wconf 83' lang='lat' dir='ltr'>which</span> <span class='ocrx_word' id='word_1_372' title='bbox 299 3615 359 3664; x_wconf 83' lang='lat' dir='ltr'>does</span> <span class='ocrx_word' id='word_1_373' title='bbox 370 3623 413 3663; x_wconf 88' lang='lat' dir='ltr'>not</span> <span class='ocrx_word' id='word_1_374' title='bbox 425 3615 498 3664; x_wconf 89' lang='lat' dir='ltr'>mend</span> <span class='ocrx_word' id='word_1_375' title='bbox 509 3615 551 3665; x_wconf 86' lang='lat' dir='ltr'>the</span> <span class='ocrx_word' id='word_1_376' title='bbox 563 3624 684 3665; x_wconf 88' lang='lat' dir='ltr'>construc-</span> <span class='ocrx_word' id='word_1_377' title='bbox 767 3619 809 3664; x_wconf 90' lang='lat' dir='ltr'>De</span> <span class='ocrx_word' id='word_1_378' title='bbox 821 3619 928 3666; x_wconf 82' lang='lat' dir='ltr'>rostris.</span> <span class='ocrx_word' id='word_1_379' title='bbox 964 3616 988 3664; x_wconf 92' lang='lat' dir='ltr'>lt</span> <span class='ocrx_word' id='word_1_380' title='bbox 999 3616 1084 3665; x_wconf 85' lang='lat' dir='ltr'>would</span> <span class='ocrx_word' id='word_1_381' title='bbox 1101 3631 1166 3665; x_wconf 89' lang='lat' dir='ltr'>seem</span> <span class='ocrx_word' id='word_1_382' title='bbox 1182 3617 1241 3665; x_wconf 87' lang='lat' dir='ltr'>then</span> <span class='ocrx_word' id='word_1_383' title='bbox 1252 3615 1307 3664; x_wconf 81' lang='lat' dir='ltr'>that</span> 
     </span>
    </p>

    <p class='ocr_par' dir='ltr' id='par_1_14' title="bbox 106 3679 1309 4004">
     <span class='ocr_line' id='line_1_38' title="bbox 106 3679 1308 3744; baseline 0.001 -13"><span class='ocrx_word' id='word_1_384' title='bbox 106 3682 170 3741; x_wconf 88' lang='lat' dir='ltr'>tion,</span> <span class='ocrx_word' id='word_1_385' title='bbox 183 3681 227 3729; x_wconf 89' lang='lat' dir='ltr'>but</span> <span class='ocrx_word' id='word_1_386' title='bbox 239 3679 325 3730; x_wconf 79' lang='lat' dir='ltr'>makes</span> <span class='ocrx_word' id='word_1_387' title='bbox 336 3680 378 3729; x_wconf 88' lang='lat' dir='ltr'>the</span> <span class='ocrx_word' id='word_1_388' title='bbox 388 3696 457 3729; x_wconf 83' lang='lat' dir='ltr'>sense</span> <span class='ocrx_word' id='word_1_389' title='bbox 468 3680 570 3744; x_wconf 88' lang='lat' dir='ltr'>plainer.</span> <span class='ocrx_word' id='word_1_390' title='bbox 734 3680 776 3729; x_wconf 92' lang='lat' dir='ltr'>the</span> <span class='ocrx_word' id='word_1_391' title='bbox 799 3680 880 3729; x_wconf 89' lang='lat' dir='ltr'>forum</span> <span class='ocrx_word' id='word_1_392' title='bbox 902 3680 952 3729; x_wconf 84' lang='lat' dir='ltr'>had</span> <span class='ocrx_word' id='word_1_393' title='bbox 972 3683 1033 3730; x_wconf 91' lang='lat' dir='ltr'>been</span> <span class='ocrx_word' id='word_1_394' title='bbox 1057 3682 1099 3731; x_wconf 89' lang='lat' dir='ltr'>the</span> <span class='ocrx_word' id='word_1_395' title='bbox 1122 3698 1193 3732; x_wconf 85' lang='lat' dir='ltr'>scene</span> <span class='ocrx_word' id='word_1_396' title='bbox 1216 3683 1246 3731; x_wconf 91' lang='lat' dir='ltr'>of</span> <span class='ocrx_word' id='word_1_397' title='bbox 1266 3682 1308 3732; x_wconf 86' lang='lat' dir='ltr'>the</span> 
     </span>
     <span class='ocr_line' id='line_1_39' title="bbox 144 3743 1308 3812; baseline 0.001 -17"><span class='ocrx_word' id='word_1_398' title='bbox 144 3748 273 3806; x_wconf 76' lang='lat' dir='ltr'>suendo,</span> <span class='ocrx_word' id='word_1_399' title='bbox 288 3745 406 3795; x_wconf 80' lang='lat' dir='ltr'>‘without</span> <span class='ocrx_word' id='word_1_400' title='bbox 417 3746 507 3795; x_wconf 87' lang='lat' dir='ltr'>interru</span> <span class='ocrx_word' id='word_1_401' title='bbox 526 3743 594 3795; x_wconf 63' lang='lat' dir='ltr'>tion)</span> <span class='ocrx_word' id='word_1_402' title='bbox 734 3745 848 3811; x_wconf 85' lang='lat' dir='ltr'>previous</span> <span class='ocrx_word' id='word_1_403' title='bbox 857 3762 1020 3796; x_wconf 87' lang='lat' dir='ltr'>occurrenoes.</span> <span class='ocrx_word' id='word_1_404' title='bbox 1055 3748 1101 3812; x_wconf 86' lang='lat' dir='ltr'>Cp.</span> <span class='ocrx_word' id='word_1_405' title='bbox 1111 3747 1165 3796; x_wconf 89' lang='lat' dir='ltr'>infr.</span> <span class='ocrx_word' id='word_1_406' title='bbox 1181 3755 1192 3806; x_wconf 69' lang='grc' dir='ltr'>ς</span> <span class='ocrx_word' id='word_1_407' title='bbox 1206 3747 1237 3807; x_wconf 85' lang='grc'>6;</span> <span class='ocrx_word' id='word_1_408' title='bbox 1254 3763 1308 3812; x_wconf 89' lang='lat' dir='ltr'>sup.</span> 
     </span>
     <span class='ocr_line' id='line_1_40' title="bbox 143 3764 1306 3876; baseline 0.003 -16"><span class='ocrx_word' id='word_1_409' title='bbox 143 3826 166 3874; x_wconf 83' lang='lat'>5.</span> <span class='ocrx_word' id='word_1_410' title='bbox 186 3815 242 3860; x_wconf 74' lang='lat' dir='ltr'>Sed</span> <span class='ocrx_word' id='word_1_411' title='bbox 254 3819 293 3870; x_wconf 87' lang='lat' dir='ltr'>nt,</span> <span class='ocrx_word' id='word_1_412' title='bbox 306 3764 663 3876; x_wconf 53' lang='lat' dir='ltr'>resumptivestwbenstsay!</span> <span class='ocrx_word' id='word_1_413' title='bbox 734 3828 758 3876; x_wconf 88' lang='lat' dir='ltr'>p.</span> <span class='ocrx_word' id='word_1_414' title='bbox 782 3814 842 3874; x_wconf 73' lang='lat'>1383</span> <span class='ocrx_word' id='word_1_415' title='bbox 866 3812 915 3860; x_wconf 84' lang='lat' dir='ltr'>and</span> <span class='ocrx_word' id='word_1_416' title='bbox 932 3811 1026 3874; x_wconf 82' lang='lat' dir='ltr'>Lange,</span> <span class='ocrx_word' id='word_1_417' title='bbox 1044 3813 1117 3861; x_wconf 75' lang='lat' dir='ltr'>Rom.</span> <span class='ocrx_word' id='word_1_418' title='bbox 1137 3814 1190 3862; x_wconf 83' lang='lat' dir='ltr'>Alt.</span> <span class='ocrx_word' id='word_1_419' title='bbox 1210 3827 1230 3862; x_wconf 81' lang='lat' dir='ltr'>a.</span> <span class='ocrx_word' id='word_1_420' title='bbox 1250 3827 1306 3876; x_wconf 83' lang='lat'>503,</span> 
     </span>
     <span class='ocr_line' id='line_1_41' title="bbox 142 3876 1309 3942; baseline 0.002 -17"><span class='ocrx_word' id='word_1_421' title='bbox 142 3877 165 3925; x_wconf 84' lang='lat'>⁶.</span> <span class='ocrx_word' id='word_1_422' title='bbox 184 3881 210 3925; x_wconf 79' lang='lat' dir='ltr'>A</span> <span class='ocrx_word' id='word_1_423' title='bbox 221 3880 335 3937; x_wconf 61' lang='lat' dir='ltr'>noenu,</span> <span class='ocrx_word' id='word_1_424' title='bbox 348 3879 394 3940; x_wconf 83' lang='lat' dir='ltr'>‘by</span> <span class='ocrx_word' id='word_1_425' title='bbox 406 3893 451 3926; x_wconf 90' lang='lat' dir='ltr'>onr</span> <span class='ocrx_word' id='word_1_426' title='bbox 463 3876 600 3941; x_wconf 58' lang='lat' dir='ltr'>partisausss</span> <span class='ocrx_word' id='word_1_427' title='bbox 733 3878 790 3927; x_wconf 86' lang='lat' dir='ltr'>who</span> <span class='ocrx_word' id='word_1_428' title='bbox 802 3878 887 3927; x_wconf 88' lang='lat' dir='ltr'>thinks</span> <span class='ocrx_word' id='word_1_429' title='bbox 899 3877 953 3926; x_wconf 88' lang='lat' dir='ltr'>that</span> <span class='ocrx_word' id='word_1_430' title='bbox 966 3878 1079 3937; x_wconf 89' lang='lat' dir='ltr'>Clodius,</span> <span class='ocrx_word' id='word_1_431' title='bbox 1089 3895 1116 3927; x_wconf 85' lang='lat' dir='ltr'>as</span> <span class='ocrx_word' id='word_1_432' title='bbox 1127 3879 1217 3938; x_wconf 87' lang='lat' dir='ltr'>aedile,</span> <span class='ocrx_word' id='word_1_433' title='bbox 1226 3896 1309 3942; x_wconf 88' lang='lat' dir='ltr'>prose·</span> 
     </span>
     <span class='ocr_line' id='line_1_42' title="bbox 142 3942 1262 4004; baseline 0.002 -13"><span class='ocrx_word' id='word_1_434' title='bbox 142 3945 259 3992; x_wconf 80' lang='lat' dir='ltr'>Referre</span> <span class='ocrx_word' id='word_1_435' title='bbox 275 3946 404 4004; x_wconf 70' lang='lat' dir='ltr'>granam,</span> <span class='ocrx_word' id='word_1_436' title='bbox 417 3943 478 3991; x_wconf 91' lang='lat' dir='ltr'>irou.</span> <span class='ocrx_word' id='word_1_437' title='bbox 491 3947 534 3992; x_wconf 90' lang='lat' dir='ltr'>‘to</span> <span class='ocrx_word' id='word_1_438' title='bbox 550 3942 682 3992; x_wconf 85' lang='lat' dir='ltr'>retumbis</span> <span class='ocrx_word' id='word_1_439' title='bbox 734 3943 808 3992; x_wconf 87' lang='lat' dir='ltr'>cuted</span> <span class='ocrx_word' id='word_1_440' title='bbox 820 3943 885 3992; x_wconf 91' lang='lat' dir='ltr'>Milo</span> <span class='ocrx_word' id='word_1_441' title='bbox 897 3942 980 3992; x_wconf 81' lang='lat' dir='ltr'>before</span> <span class='ocrx_word' id='word_1_442' title='bbox 992 3943 1034 3992; x_wconf 91' lang='lat' dir='ltr'>the</span> <span class='ocrx_word' id='word_1_443' title='bbox 1046 3946 1149 3993; x_wconf 87' lang='lat' dir='ltr'>comitia</span> <span class='ocrx_word' id='word_1_444' title='bbox 1163 3945 1262 3993; x_wconf 88' lang='lat' dir='ltr'>tributa.</span> 
     </span>
    </p>

    <p class='ocr_par' dir='ltr' id='par_1_15' title="bbox 107 4006 1307 4074">
     <span class='ocr_line' id='line_1_43' title="bbox 107 4006 1307 4074; baseline 0 -17"><span class='ocrx_word' id='word_1_445' title='bbox 107 4007 224 4068; x_wconf 69' lang='lat' dir='ltr'>favoura’</span> <span class='ocrx_word' id='word_1_446' title='bbox 234 4011 277 4058; x_wconf 89' lang='lat' dir='ltr'>‘to</span> <span class='ocrx_word' id='word_1_447' title='bbox 284 4024 334 4074; x_wconf 85' lang='lat' dir='ltr'>pay</span> <span class='ocrx_word' id='word_1_448' title='bbox 342 4008 395 4057; x_wconf 86' lang='lat' dir='ltr'>him</span> <span class='ocrx_word' id='word_1_449' title='bbox 405 4006 466 4058; x_wconf 90' lang='lat' dir='ltr'>out.’</span> <span class='ocrx_word' id='word_1_450' title='bbox 494 4010 541 4073; x_wconf 90' lang='lat' dir='ltr'>Cp.</span> <span class='ocrx_word' id='word_1_451' title='bbox 551 4009 590 4058; x_wconf 90' lang='lat' dir='ltr'>De</span> <span class='ocrx_word' id='word_1_452' title='bbox 599 4009 682 4057; x_wconf 69' lang='lat' dir='ltr'>Amic„</span> <span class='ocrx_word' id='word_1_453' title='bbox 769 4011 806 4058; x_wconf 86' lang='lat'>18.</span> <span class='ocrx_word' id='word_1_454' title='bbox 825 4013 869 4058; x_wconf 79' lang='lat' dir='ltr'>Ne</span> <span class='ocrx_word' id='word_1_455' title='bbox 877 4012 948 4068; x_wconf 85' lang='lat' dir='ltr'>quid</span> <span class='ocrx_word' id='word_1_456' title='bbox 956 4013 1086 4070; x_wconf 89' lang='lat' dir='ltr'>inturba‚</span> <span class='ocrx_word' id='word_1_457' title='bbox 1095 4026 1127 4058; x_wconf 87' lang='lat' dir='ltr'>sc.</span> <span class='ocrx_word' id='word_1_458' title='bbox 1139 4007 1307 4074; x_wconf 70' lang='lat' dir='ltr'>‘pateremur’</span> 
     </span>
    </p>

    <p class='ocr_par' dir='ltr' id='par_1_16' title="bbox 109 4074 1306 4205">
     <span class='ocr_line' id='line_1_44' title="bbox 109 4074 1306 4138; baseline 0 -15"><span class='ocrx_word' id='word_1_459' title='bbox 109 4088 149 4136; x_wconf 81' lang='lat'>15,</span> <span class='ocrx_word' id='word_1_460' title='bbox 162 4088 202 4136; x_wconf 80' lang='lat'>53.</span> <span class='ocrx_word' id='word_1_461' title='bbox 768 4077 920 4132; x_wconf 80' lang='lat' dir='ltr'>Pompeius</span> <span class='ocrx_word' id='word_1_462' title='bbox 943 4079 1065 4135; x_wconf 87' lang='lat' dir='ltr'>domum,</span> <span class='ocrx_word' id='word_1_463' title='bbox 1089 4091 1122 4124; x_wconf 86' lang='lat' dir='ltr'>sc.</span> <span class='ocrx_word' id='word_1_464' title='bbox 1147 4074 1224 4124; x_wconf 82' lang='lat' dir='ltr'>‘ivit&#39;</span> <span class='ocrx_word' id='word_1_465' title='bbox 1260 4075 1306 4138; x_wconf 91' lang='lat' dir='ltr'>Cp.</span> 
     </span>
     <span class='ocr_line' id='line_1_45' title="bbox 141 4139 915 4205; baseline 0.003 -18"><span class='ocrx_word' id='word_1_466' title='bbox 141 4142 182 4188; x_wconf 83' lang='lat' dir='ltr'>Ut</span> <span class='ocrx_word' id='word_1_467' title='bbox 201 4154 293 4197; x_wconf 76' lang='lat' dir='ltr'>neque</span> <span class='ocrx_word' id='word_1_468' title='bbox 312 4176 318 4190; x_wconf 90' lang='lat'>.</span> <span class='ocrx_word' id='word_1_469' title='bbox 336 4174 343 4186; x_wconf 88' lang='lat'>.</span> <span class='ocrx_word' id='word_1_470' title='bbox 360 4143 537 4199; x_wconf 80' lang='lat' dir='ltr'>oonaiateret,</span> <span class='ocrx_word' id='word_1_471' title='bbox 560 4139 629 4188; x_wconf 85' lang='lat' dir='ltr'>‘that</span> <span class='ocrx_word' id='word_1_472' title='bbox 651 4139 683 4188; x_wconf 92' lang='lat' dir='ltr'>he</span> <span class='ocrx_word' id='word_1_473' title='bbox 734 4140 818 4189; x_wconf 84' lang='lat' dir='ltr'>Madv.</span> <span class='ocrx_word' id='word_1_474' title='bbox 831 4152 879 4205; x_wconf 85' lang='lat'>479</span> <span class='ocrx_word' id='word_1_475' title='bbox 891 4141 915 4189; x_wconf 91' lang='lat' dir='ltr'>d.</span> 
     </span>
    </p>

    <p class='ocr_par' dir='ltr' id='par_1_17' title="bbox 106 4203 1308 4268">
     <span class='ocr_line' id='line_1_46' title="bbox 106 4203 1308 4268; baseline 0 -14"><span class='ocrx_word' id='word_1_476' title='bbox 106 4221 160 4254; x_wconf 82' lang='lat' dir='ltr'>was</span> <span class='ocrx_word' id='word_1_477' title='bbox 171 4215 262 4255; x_wconf 86' lang='lat' dir='ltr'>master</span> <span class='ocrx_word' id='word_1_478' title='bbox 270 4204 366 4255; x_wconf 89' lang='lat' dir='ltr'>neither</span> <span class='ocrx_word' id='word_1_479' title='bbox 374 4205 402 4254; x_wconf 92' lang='lat' dir='ltr'>of</span> <span class='ocrx_word' id='word_1_480' title='bbox 410 4205 547 4266; x_wconf 78' lang='lat' dir='ltr'>hissenses,</span> <span class='ocrx_word' id='word_1_481' title='bbox 557 4203 596 4255; x_wconf 85' lang='lat' dir='ltr'>his</span> <span class='ocrx_word' id='word_1_482' title='bbox 605 4206 682 4264; x_wconf 83' lang='lat' dir='ltr'>voice,</span> <span class='ocrx_word' id='word_1_483' title='bbox 768 4221 806 4254; x_wconf 78' lang='lat' dir='ltr'>ao.</span> <span class='ocrx_word' id='word_1_484' title='bbox 825 4210 1005 4265; x_wconf 67' lang='lat' dir='ltr'>(intuebatur,</span> <span class='ocrx_word' id='word_1_485' title='bbox 1021 4209 1086 4254; x_wconf 86' lang='lat' dir='ltr'>‘was</span> <span class='ocrx_word' id='word_1_486' title='bbox 1102 4204 1232 4260; x_wconf 68' lang='lat' dir='ltr'>attrcked:</span> <span class='ocrx_word' id='word_1_487' title='bbox 1250 4220 1308 4268; x_wconf 92' lang='lat' dir='ltr'>pro-</span> 
     </span>
    </p>

    <p class='ocr_par' dir='ltr' id='par_1_18' title="bbox 106 4269 1309 4466">
     <span class='ocr_line' id='line_1_47' title="bbox 106 4269 1308 4334; baseline -0.001 -14"><span class='ocrx_word' id='word_1_488' title='bbox 106 4286 154 4320; x_wconf 89' lang='lat' dir='ltr'>nor</span> <span class='ocrx_word' id='word_1_489' title='bbox 164 4270 204 4319; x_wconf 84' lang='lat' dir='ltr'>hie</span> <span class='ocrx_word' id='word_1_490' title='bbox 215 4269 397 4320; x_wconf 69' lang='lat' dir='ltr'>countenanee!</span> <span class='ocrx_word' id='word_1_491' title='bbox 733 4271 810 4334; x_wconf 87' lang='lat' dir='ltr'>bahly</span> <span class='ocrx_word' id='word_1_492' title='bbox 821 4271 860 4320; x_wconf 88' lang='lat' dir='ltr'>for</span> <span class='ocrx_word' id='word_1_493' title='bbox 870 4271 909 4320; x_wconf 90' lang='lat' dir='ltr'>his</span> <span class='ocrx_word' id='word_1_494' title='bbox 925 4272 1104 4334; x_wconf 84' lang='lat' dir='ltr'>inconsistency</span> <span class='ocrx_word' id='word_1_495' title='bbox 1117 4271 1141 4318; x_wconf 89' lang='lat' dir='ltr'>in</span> <span class='ocrx_word' id='word_1_496' title='bbox 1157 4271 1248 4333; x_wconf 79' lang='lat' dir='ltr'>hnu&#39;ng</span> <span class='ocrx_word' id='word_1_497' title='bbox 1260 4269 1308 4319; x_wconf 92' lang='lat' dir='ltr'>for·</span> 
     </span>
     <span class='ocr_line' id='line_1_48' title="bbox 143 4334 1309 4400; baseline -0.002 -14"><span class='ocrx_word' id='word_1_498' title='bbox 143 4346 165 4396; x_wconf 81' lang='grc'>7.</span> <span class='ocrx_word' id='word_1_499' title='bbox 183 4338 351 4386; x_wconf 67' lang='lat' dir='ltr'>Earaaaota</span> <span class='ocrx_word' id='word_1_500' title='bbox 359 4334 682 4396; x_wconf 83' lang='lat' dir='ltr'>eat,‘thatseenelasted.’</span> <span class='ocrx_word' id='word_1_501' title='bbox 733 4337 811 4399; x_wconf 87' lang='lat' dir='ltr'>merly</span> <span class='ocrx_word' id='word_1_502' title='bbox 834 4339 976 4400; x_wconf 85' lang='lat' dir='ltr'>patronized</span> <span class='ocrx_word' id='word_1_503' title='bbox 998 4336 1110 4396; x_wconf 86' lang='lat' dir='ltr'>Clodius,</span> <span class='ocrx_word' id='word_1_504' title='bbox 1132 4335 1181 4384; x_wconf 87' lang='lat' dir='ltr'>and</span> <span class='ocrx_word' id='word_1_505' title='bbox 1209 4335 1247 4384; x_wconf 90' lang='lat' dir='ltr'>for</span> <span class='ocrx_word' id='word_1_506' title='bbox 1269 4336 1309 4384; x_wconf 87' lang='lat' dir='ltr'>his</span> 
     </span>
     <span class='ocr_line' id='line_1_49' title="bbox 141 4401 1308 4466; baseline -0.001 -17"><span class='ocrx_word' id='word_1_507' title='bbox 141 4401 165 4449; x_wconf 88' lang='lat'>8.</span> <span class='ocrx_word' id='word_1_508' title='bbox 183 4404 230 4451; x_wconf 73' lang='lat' dir='ltr'>Ad</span> <span class='ocrx_word' id='word_1_509' title='bbox 246 4404 345 4451; x_wconf 80' lang='lat' dir='ltr'>horam</span> <span class='ocrx_word' id='word_1_510' title='bbox 360 4404 444 4462; x_wconf 83' lang='lat' dir='ltr'>vm,</span> <span class='ocrx_word' id='word_1_511' title='bbox 463 4401 519 4451; x_wconf 90' lang='lat' dir='ltr'>‘till</span> <span class='ocrx_word' id='word_1_512' title='bbox 536 4401 621 4466; x_wconf 82' lang='lat' dir='ltr'>nearly</span> <span class='ocrx_word' id='word_1_513' title='bbox 632 4409 683 4452; x_wconf 86' lang='lat' dir='ltr'>two</span> <span class='ocrx_word' id='word_1_514' title='bbox 732 4402 1115 4453; x_wconf 85' lang='lat' dir='ltr'>ambitionanddissimulation.</span> <span class='ocrx_word' id='word_1_515' title='bbox 1149 4402 1196 4466; x_wconf 90' lang='lat' dir='ltr'>Cp.</span> <span class='ocrx_word' id='word_1_516' title='bbox 1208 4401 1255 4466; x_wconf 89' lang='lat' dir='ltr'>Ep.</span> <span class='ocrx_word' id='word_1_517' title='bbox 1269 4415 1308 4465; x_wconf 82' lang='lat' dir='ltr'>aa,</span> 
     </span>
    </p>

    <p class='ocr_par' dir='ltr' id='par_1_19' title="bbox 105 4464 835 4532">
     <span class='ocr_line' id='line_1_50' title="bbox 105 4464 835 4532; baseline -0.001 -14"><span class='ocrx_word' id='word_1_518' title='bbox 105 4464 220 4519; x_wconf 74' lang='lat' dir='ltr'>o‘cloclu&#39;</span> <span class='ocrx_word' id='word_1_519' title='bbox 252 4466 357 4532; x_wconf 83' lang='lat' dir='ltr'>SeeEp.</span> <span class='ocrx_word' id='word_1_520' title='bbox 372 4480 426 4528; x_wconf 83' lang='lat'>101,</span> <span class='ocrx_word' id='word_1_521' title='bbox 438 4483 460 4528; x_wconf 84' lang='lat' dir='ltr'>a,</span> <span class='ocrx_word' id='word_1_522' title='bbox 473 4475 539 4517; x_wconf 84' lang='lat' dir='ltr'>note.</span> <span class='ocrx_word' id='word_1_523' title='bbox 734 4483 758 4530; x_wconf 86' lang='lat'>3,</span> <span class='ocrx_word' id='word_1_524' title='bbox 768 4475 835 4517; x_wconf 89' lang='lat' dir='ltr'>note.</span> 
     </span>
    </p>
   </div>
   <div class='ocr_carea' id='block_1_4' title="bbox 0 0 1520 5542">
    <p class='ocr_par' dir='ltr' id='par_1_20' title="bbox 0 0 1520 5542">
     <span class='ocr_line' id='line_1_51' title="bbox 0 0 1520 5542; baseline 0 2"><span class='ocrx_word' id='word_1_525' title='bbox 0 0 1520 5542; x_wconf 95' lang='lat' dir='ltr'> </span> 
     </span>
    </p>
   </div>
  </div>
 </body>
</html>
