3052 5026
116 361 164 406 nr.
184 342 270 426 rua]
473 344 539 404 AD
559 343 777 406 ATTJCUM
794 343 887 406 XVI.
914 359 962 405 11.
1253 343 1317 426 563

117 515 243 599 scripsi,
252 525 288 578 ut
304 517 346 579 ad
363 536 417 579 me
428 517 466 579 τὰ
476 513 630 596 κεφάλαια
639 516 794 591 mitteret,
807 537 891 599 quae
906 525 1087 600 exspecto;
1108 536 1207 599 quem
1217 513 1316 580 velim

118 617 289 682 cohortere
304 626 338 681 et
353 636 459 699 roges,
470 625 506 680 ut
523 637 623 698 quam
639 617 791 699 primum.
817 617 856 679 In
868 638 909 682 eo
925 627 974 682 est
990 617 1126 699 περὶτοῦ
1142 618 1217 679 κατὰ
1231 615 1315 696 περί·

119 744 230 783 στασιν
247 717 438 797 καθήκοντος.
474 720 574 803 Quod
594 720 636 784 de
651 720 861 804 inscriptione
875 722 1012 803 quaeris,
1026 742 1091 784 non
1107 720 1225 785 dubito
1237 720 1316 801 quin

120 825 249 899 καθῆκον
273 824 455 888 ‘officium'
477 826 529 902 sit,
552 824 612 889 nisi
635 825 715 907 quid
740 834 776 888 tu
799 823 897 901 aliud,
918 826 976 889 sed
999 826 1167 909 inscriptio
1191 824 1317 908 plenior

120 928 182 991 ‘de
212 927 347 992 officiis?
392 931 573 1008 Πρααφωνῶ
598 940 709 993 autem
737 926 889 993 Ciceroni
919 928 1008 1007 filio;
1034 929 1140 992 visum
1170 936 1221 992 est
1250 946 1316 992 non
1330 953 1345 1003 5

89 1033 277 1096 αᾶνοίκααν.
323 1034 377 1097 De
393 1032 532 1115 Myrtilo
547 1032 700 1098 dilucide.
746 1033 776 1098 O
793 1033 908 1116 quales
922 1044 958 1097 tu
974 1054 1105 1115 semper
1118 1034 1212 1095 istosl
1229 1033 1318 1095 itane

89 1137 155 1202 ein
172 1137 213 1200 D.
231 1136 393 1200 Brutum?
417 1137 450 1200 di
466 1137 555 1203 istisl
588 1138 664 1220 Ego
680 1158 743 1213 me,
758 1147 795 1200 ut
811 1139 1012 1221 scripseram,
1028 1139 1061 1200 in
1078 1135 1316 1218 Pompeianum

121 1260 187 1303 non
205 1240 328 1318 abdidi,
348 1241 455 1322 primo
477 1242 741 1324 tempestatibus,
756 1241 874 1323 quibus
895 1240 940 1305 nil
963 1241 1121 1316 taetrius3
1139 1240 1259 1304 deinde
1274 1238 1317 1302 ab

121 1344 307 1409 Octaviano
334 1345 485 1425 quotidie
515 1345 654 1419 litterae,
678 1353 715 1407 ut
741 1347 910 1428 negotium
934 1345 1141 1428 susciperem,
1164 1328 1315 1425 Capuam

120 1449 273 1525 venirem,
289 1450 407 1512 iterum
424 1468 493 1512 rem
509 1447 676 1531 publicam
696 1469 870 1525 servarem,
889 1449 1033 1512 Romam
1056 1448 1174 1529 utique
1195 1447 1317 1510 statim.
1335 1469 1364 1505 ιο

385 1595 506 1651 αἴδεσθεν
523 1598 570 1665 μὲν
587 1597 736 1667 ἀνήνασθαι,
756 1598 846 1653 δεῖσαν
863 1595 886 1652 δ’
903 1596 1053 1668 ὑπαδὶχθαι.

123 1721 156 1783 ls
182 1730 294 1783 tamen
317 1721 386 1802 egit
405 1742 484 1785 sane
504 1731 635 1785 strenue
658 1733 692 1786 et
710 1721 799 1804 agit;
825 1722 970 1784 Romam
989 1723 1099 1785 veniet
1120 1742 1195 1787 cum
1220 1739 1319 1782 manu

123 1844 250 1907 magna,
270 1824 327 1887 sed
343 1833 394 1888 est
409 1825 508 1909 plane
522 1845 622 1908 puer:
639 1835 735 1907 putat
750 1837 900 1889 senatum
917 1825 1041 1889 statim.
1086 1825 1171 1908 Quis
1185 1824 1320 1887 veniet?

121 1927 149 1990 si
169 1927 299 2004 venerit,
315 1929 388 2010 quis
405 1928 535 1993 incertis
551 1930 649 1993 rebus
671 1929 816 1993 offendet
832 1928 1044 1993 Antonium?
1090 1928 1168 1991 Kal.
1189 1928 1319 1992 Ianuar.

123 2032 187 2094 erit
199 2031 337 2095 fortasse
348 2033 523 2115 praesidio,
531 2041 588 2096 aut
597 2033 733 2114 quidem
742 2042 820 2096 ante
827 2032 1081 2115 depugnabitur.
1128 2032 1235 2096 Puero
1246 2052 1321 2094 mu·
1336 2047 1364 2096 Ῑ5

124 2135 245 2217 nicipia
269 2136 349 2198 mire
370 2136 501 2214 lavent3
525 2137 586 2199 iter
606 2137 695 2200 enim
719 2135 838 2200 iaciens
860 2136 892 2198 in
914 2135 1086 2199 Samnium
1105 2136 1197 2199 venit
1213 2134 1320 2211 Cales,

123 2321 194 2371 knew
211 2321 271 2371 him.
305 2322 326 2372 C
348 2321 697 2385 .AdAtt16.14,4;Ad
752 2335 790 2385 15.
812 2335 850 2383 13,
871 2320 886 2370 6
906 2328 969 2386 ‘ego
990 2330 1073 2370 sutem
1096 2320 1120 2369 in
1140 2321 1320 2385 Pompeianum

125 2387 195 2435 Fam.
209 2401 230 2448 3.
245 2396 267 2448 7,
281 2401 312 2449 53
329 2337 395 2436 Suet.
408 2387 498 2438 Claud.
510 2403 533 2449 4.
749 2386 929 2452 properabam!

159 2465 180 2500 1.
197 2450 230 2499 τὰ
253 2450 389 2514 stetten,
415 2454 471 2503 ‘the
493 2451 587 2502 hesds'
609 2454 638 2502 oi
656 2453 698 2503 the
782 2455 805 2501 8.
824 2455 928 2501 Primo.
962 2452 1135 2501 Wesenbhss
1148 2449 1288 2514 ‘primum’

124 2518 192 2566 work
202 2518 230 2566 ol
238 2518 393 2567 Posidonius.
416 2518 440 2567 lt
448 2519 469 2568 is
477 2519 547 2584 quite
556 2535 572 2568 u
583 2519 698 2570 classiosl
784 2521 1017 2577 Tempestatibus,
1028 2518 1127 2581 ‘owing
1134 2524 1162 2566 to
1173 2516 1215 2565 the
1226 2524 1322 2580 stormy

124 2583 201 2632 word.
749 2582 872 2642 westher,’
884 2583 933 2632 abl.
945 2597 1040 2632 musae.

159 2663 180 2697 a.
200 2652 240 2697 Ut
251 2663 335 2705 quom
347 2652 479 2708 primum,
491 2664 525 2699 sc.
539 2645 653 2698 ‘mittat’
783 2663 806 2712 9.
824 2651 960 2705 Quotidie
972 2651 1090 2706 litterae,
1103 2662 1137 2696 sc.
1150 2646 1311 2696 ‘veniebant’

158 2711 699 2774 xmdmptmvfundercireumsunces!
786 2717 916 2772 oannem.
950 2713 1068 2762 Octavius
1087 2728 1138 2761 wus
1158 2728 1213 2761 now
1234 2728 1323 2775 organ-

126 2779 181 2828 The
199 2780 274 2828 subst.
294 2795 381 2829 occurs
400 2795 442 2843 ap.
461 2779 548 2844 Polyb.
569 2792 643 2842 1.,35,
660 2791 698 2838 10,
750 2781 817 2844 iring
833 2796 848 2828 s
866 2779 935 2842 large
955 2778 1021 2827 forne
1040 2787 1066 2827 et
1085 2778 1181 2842 Capua.
1216 2778 1263 2842 Cp.
1281 2777 1323 2826 Ad

125 2844 186 2892 nlib.
750 2846 803 2894 Att.
824 2843 861 2893 16.
879 2842 1067 2908 9⁴[Octavins]
1080 2859 1132 2892 rem
1149 2844 1212 2906 gerit
1229 2843 1323 2907 palum.

159 2923 182 2970 3.
200 2913 243 2958 De
262 2912 456 2969 inscriptione,
471 2911 563 2960 ‘about
581 2910 624 2959 the
643 2909 699 2959 title
750 2911 872 2960 oentnrint
884 2907 1002 2973 Capuae!

126 2974 155 3023 ol
164 2991 205 3038 my
217 2973 301 3023 work?
785 2989 823 3024 10.
841 2978 959 3023 Bonum
967 2977 1065 3032 utique
1074 2976 1178 3032 stetim,
1186 2989 1219 3023 sc.
1231 2971 1323 3022 ‘irem’

159 3055 181 3103 5.
199 3039 359 3102 Προσψωνῶ,
371 3042 397 3089 ‘l
409 3039 524 3097 address,’
534 3041 577 3090 i.e.
586 3040 699 3089 dedicate
787 3054 824 3089 11.
841 3038 957 3088 αἴδεσθεν
976 3037 1050 3089 trs-h.
1092 3038 1170 3087 Hom.
1191 3039 1222 3087 11.
1242 3049 1263 3101 7.
1283 3052 1323 3101 93.

126 3121 167 3169 my
180 3106 245 3153 book
258 3116 284 3153 to
297 3106 356 3155 him.
390 3106 437 3171 Cp.
451 3106 490 3155 De
502 3105 550 3155 ou.
565 3119 586 3154 1.
601 3119 621 3163 1,
638 3121 659 3154 1.
750 3107 831 3155 where
850 3105 891 3155 the
910 3103 1012 3154 Greeks’
1032 3103 1170 3154 reluctance
1189 3111 1217 3153 to
1237 3111 1324 3168 acoept

159 3168 184 3218 6.
196 3170 327 3233 ἀνοίκειον,
337 3169 558 3236 ‘inappropriste:'
567 3187 606 3235 cp.
611 3170 699 3235 Polyb.
752 3169 869 3220 Hector²s
880 3170 1010 3233 challenge
1022 3171 1043 3219 is
1054 3169 1190 3218 described.

127 3248 150 3297 5.
162 3237 202 3299 96,
217 3236 275 3284 alib.
786 3250 823 3298 13.
841 3240 894 3285 Est
913 3239 996 3293 plene
1016 3250 1094 3294 puer,
1114 3234 1162 3282 ‘he
1182 3234 1204 3282 is
1221 3234 1289 3298 quite
1308 3249 1324 3281 a

159 3306 201 3350 De
220 3305 355 3357 Myrtilo:
373 3318 413 3366 cp.
431 3301 472 3350 nd
489 3303 542 3350 Au.
562 3314 600 3364 15.
619 3313 657 3362 13,
675 3299 699 3349 6.
750 3301 817 3365 boy‚’
830 3302 876 3350 full
888 3301 916 3350 ol
925 3300 1085 3349 enthusiasm.

127 3369 151 3416 lt
162 3383 241 3416 seems
251 3367 305 3415 that
316 3368 432 3430 Myrtilus
442 3367 492 3415 had
501 3367 597 3430 plotted
604 3367 701 3430 against
785 3371 871 3415 Putet
882 3373 1011 3414 senatuum
1022 3367 1126 3424 stetim,
1140 3378 1174 3413 sc.
1187 3366 1217 3414 ‘a
1230 3380 1256 3413 se
1267 3363 1324 3426 cogi

128 3434 169 3482 the
179 3433 220 3481 lile
232 3432 261 3480 ol
269 3433 377 3496 Antony,
386 3433 435 3481 end
443 3431 493 3480 bad
504 3434 564 3481 been
575 3431 699 3481 executed.
751 3430 838 3498 posse.¹
873 3431 975 3480 Billerb.

128 3498 192 3547 Both
212 3498 244 3545 D.
264 3498 352 3547 Brutus
375 3498 424 3546 und
443 3497 562 3547 Octavius
585 3512 651 3546 seem
673 3504 700 3544 to
784 3501 857 3554 Quis
868 3500 987 3546 reniet?
1006 3495 1086 3544 ‘what
1102 3501 1203 3544 senator
1216 3494 1270 3543 will
1287 3500 1325 3542 st·

127 3564 190 3613 bave
209 3564 271 3612 been
290 3564 420 3626 suspected
440 3563 469 3611 ol
484 3563 619 3626 suboming
638 3563 700 3612 him.
750 3561 844 3612 tendl'

127 3630 175 3692 Cp.
188 3629 235 3692 Ep.
252 3642 304 3691 119,
320 3643 332 3675 a
346 3628 405 3677 with
417 3628 466 3677 this
477 3643 590 3692 passage.
787 3643 824 3688 ¹4·
842 3630 964 3677 Incertis
973 3631 1065 3688 nebus,
1075 3626 1164 3674 ‘while
1173 3625 1256 3689 things
1265 3624 1325 3673 look

160 3697 300 3753 Dilucide,
314 3710 347 3744 sc.
361 3692 510 3758 ‘scripsisti’
544 3693 599 3742 The
609 3692 701 3742 adverb
751 3709 780 3742 so
792 3692 922 3742 doubtful!

127 3774 206 3807 seems
217 3774 340 3808 common.
786 3762 849 3807 Καὶ.
862 3762 985 3810 Innusr..
996 3757 1038 3806 the
1055 3756 1113 3804 date
1133 3754 1205 3805 when
1225 3755 1326 3804 Hirtius

161 3828 266 3881 Quales
278 3831 311 3873 tu
322 3840 431 3881 semper
441 3827 520 3884 istos,
533 3839 566 3872 sc.
581 3821 701 3872 ‘Antonii
751 3825 801 3873 and
813 3824 893 3872 Pansa
903 3822 987 3872 would
999 3837 1070 3872 come
1082 3823 1135 3870 into
1146 3821 1217 3871 office
1228 3836 1256 3869 us
1266 3836 1326 3869 con·

128 3891 222 3939 miens
249 3905 302 3939 esse
328 3889 429 3938 dixisti!
474 3890 575 3954 ‘Quam
598 3888 702 3937 Antonii
752 3890 811 3939 suls.

128 3957 222 4004 amicos
233 3962 298 4004 recte
310 3956 439 4019 cognoscis
449 3962 475 4004 et
485 3970 542 4004 vere
553 3953 672 4003 describis
681 3951 701 4002 l'
789 3969 825 4017 15.
843 3957 908 4003 stris
916 3956 1034 4003 fortasse
1045 3954 1196 4011 praesidio,
1203 3966 1240 4000 sc.
1250 3949 1326 3999 ‘Octs

129 4022 201 4070 Boot.
752 4021 807 4069 rins
818 4018 929 4069 senatui!

161 4090 244 4134 Itane
266 4089 298 4134 in
321 4089 354 4135 D.
376 4090 518 4135 Brutum?
542 4100 576 4135 se.
598 4085 703 4135 ‘crimen
790 4084 826 4133 16.
844 4088 938 4145 Enim,
957 4086 999 4133 ‘ss
1015 4100 1052 4133 we
1069 4083 1132 4132 hue
1148 4081 1209 4131 been
1226 4080 1282 4129 sble
1299 4088 1327 4129 to

129 4149 272 4200 conferunt!
754 4167 803 4207 see,
816 4150 869 4199 ior.'

164 4227 185 4279 7.
203 4220 241 4264 Di
252 4219 332 4264 istisl
350 4233 383 4266 sc.
393 4219 400 4243 ‘
409 4216 476 4265 mals
484 4216 542 4266 dent
551 4214 573 4266 l’
606 4214 661 4279 Cp„
672 4228 704 4262 on
788 4220 875 4275 celes,
884 4231 915 4263 sn
928 4215 971 4263 old
983 4214 1054 4264 Lstin
1066 4213 1158 4274 colony
1167 4212 1243 4260 sbont
1255 4224 1328 4259 seven

130 4281 172 4331 the
183 4282 278 4346 ellipse,
291 4282 338 4345 Ep.
351 4297 375 4345 9,
388 4282 410 4339 8,
424 4290 490 4331 note.
755 4281 827 4331 miles
843 4281 918 4329 N.W.
937 4280 966 4328 ol
979 4280 1126 4334 Casilinum,
1144 4292 1176 4325 on
1194 4277 1236 4325 the
1253 4275 1328 4325 Latin

163 4351 224 4404 ugo
241 4362 285 4396 me
303 4383 309 4396 .
330 4384 336 4396 .
354 4362 412 4396 non
429 4350 535 4407 andini,
554 4346 584 4395 ‘I
601 4345 644 4395 did
661 4352 705 4395 not
755 4348 823 4396 road.
858 4347 881 4395 It
900 4344 1009 4395 received
1027 4346 1068 4393 the
1084 4344 1182 4392 Romen
1198 4341 1327 4400 franchise,

129 4413 201 4462 retire
213 4419 241 4461 to
252 4428 294 4476 my
305 4420 382 4462 estate
393 4421 418 4461 ut
430 4412 553 4476 Pompeii,
564 4428 592 4461 ss
604 4412 618 4460 1
628 4418 706 4460 wrote
755 4413 805 4462 and
821 4413 923 4462 became
938 4428 953 4459 s
968 4410 1139 4475 municipium,
1152 4407 1282 4473 probably,
1295 4406 1329 4469 by

130 4495 180 4542 you
191 4478 261 4527 word
273 4479 285 4527 1
297 4478 412 4528 intended
424 4485 451 4528 to
462 4477 511 4528 do.’
540 4479 588 4543 Cp.
598 4477 640 4526 Ad
649 4478 704 4526 Ate
755 4478 798 4527 tbe
810 4478 863 4528 Lex
874 4476 938 4525 lulis
950 4491 982 4540 90
995 4487 1017 4526 Β.
1026 4487 1051 4527 e.

683 4576 778 4628 002
