3052 5026
111 390 158 438 11.
179 368 264 461 131]
459 376 525 436 AD
546 376 844 440 FAMILIARES
865 378 908 442 X.
934 377 963 441 8.
1246 384 1305 464 581

81 555 98 599 2
114 545 191 608 Non
205 565 258 610 me
267 545 467 628 praeteribat
475 545 508 610 in
518 554 611 610 tauta
621 545 841 612 sollicitudine
856 547 1027 615 hominum
1043 560 1163 616 ettam
1180 561 1308 635 pertur-

110 647 191 714 bato
199 660 288 713 statu
297 649 438 715 civitatis
446 649 737 715 fructuosissimam
748 672 820 716 esse
830 652 1065 735 professionem
1075 653 1307 720 bonaevolun·

110 753 200 831 tatis,
211 774 414 838 magnosque
422 753 564 818 honores
578 775 623 818 ex
634 776 674 819 ea
685 775 720 819 re
729 756 914 839 complures
929 770 1121 823 consecutos
1138 760 1309 835 videbam;

110 859 177 934 sed,
190 878 264 922 cum
276 859 308 921 in
319 878 396 923 eum
407 878 520 922 casum
536 878 589 922 me
604 857 736 924 fortuna
750 861 945 938 demisisset,
955 870 993 926 ut
1008 873 1067 927 aut
1082 862 1228 928 celeriter
1236 862 1308 945 pol-

111 962 240 1028 licendo
254 982 375 1045 magna
386 962 466 1025 mihi
477 963 547 1045 ipse
556 963 599 1027 ad
610 962 849 1046 proficiendum
859 966 1097 1047 impedimenta
1107 987 1307 1050 opponerem
1323 993 1336 1042 5

111 1075 178 1143 aut,
187 1066 215 1129 si
232 1067 264 1129 in
279 1086 319 1130 eo
334 1067 415 1130 mihi
431 1069 709 1149 temperavissem,
721 1069 863 1134 maiores
877 1071 1069 1135 occasiones
1083 1072 1128 1135 ad
1143 1070 1308 1154 opitulan-

111 1172 192 1234 dum
208 1170 376 1248 haberem,
388 1171 578 1254 expeditius
591 1171 653 1235 iter
664 1174 849 1238 communis
858 1173 974 1239 salutis
984 1195 1086 1257 quam
1098 1195 1191 1263 meae
1201 1174 1308 1238 laudis

111 1296 182 1338 esse
195 1276 293 1339 volui.
340 1276 429 1339 Nam
446 1277 520 1357 quis
539 1277 572 1338 in
588 1296 627 1340 ea
642 1277 786 1354 fortuna,
800 1298 886 1359 quae
902 1298 975 1342 mea
992 1287 1052 1353 est,
1068 1288 1102 1342 et
1116 1280 1159 1342 ab
1174 1300 1214 1343 ea
1228 1279 1306 1354 vita,

110 1399 210 1460 quam
227 1380 259 1442 in
278 1400 332 1443 me
346 1380 512 1464 cognitam
529 1380 717 1445 hominibus
727 1381 877 1460 arbitror,
889 1392 923 1447 et
938 1402 1014 1447 cum
1028 1404 1068 1447 ea
1082 1404 1149 1466 spe,
1159 1404 1261 1467 quam
1273 1384 1307 1446 in

112 1483 263 1547 manibus
281 1482 397 1560 habeo,
409 1493 467 1547 aut
480 1484 650 1549 sordidum
663 1486 840 1566 quicquam
849 1485 920 1568 pati
929 1495 987 1549 aut
999 1486 1218 1567 perniciosum
1230 1507 1307 1551 cou-
1323 1519 1354 1554 ιο

80 1588 278 1669 scupiscere
290 1593 419 1669 potest?
442 1586 510 1653 Sed
522 1587 728 1669 aliquantum
738 1589 833 1652 uobis
843 1591 1001 1671 temporis
1013 1599 1046 1652 et
1056 1590 1168 1672 magni
1178 1591 1307 1656 labores

110 1703 144 1756 et
167 1690 291 1755 multae
314 1691 480 1774 impensae
496 1711 580 1774 opus
599 1692 741 1766 suerunt,
757 1699 802 1769 ut,
817 1713 904 1775 quae
917 1694 964 1756 rei
979 1692 1131 1775 publicae
1146 1695 1308 1776 bonisque

110 1795 261 1859 omnibus
276 1794 512 1877 polliceremur,
524 1794 618 1857 exitu
630 1805 873 1877 praestaremus
890 1815 998 1877 neque
1013 1799 1056 1860 ad
1073 1796 1238 1860 auxilium
1248 1819 1307 1880 pa·

110 1902 191 1965 triae
206 1901 284 1964 nudi
297 1919 373 1963 cum
389 1900 477 1963 bona
487 1898 667 1976 voluntate,
678 1901 738 1962 sed
753 1918 829 1962 cum
841 1899 1052 1964 facultatibus
1066 1903 1306 1965 accederemus.

112 2004 366 2069 confirmandus
388 2012 458 2066 erat
481 2002 646 2066 exercitus
661 2002 768 2080 nobis,
784 2003 913 2085 magnis
928 2023 1027 2086 saepe
1046 2005 1201 2086 praemiis
1218 2004 1353 2074 solli-15

110 2110 239 2184 citatus,
255 2116 292 2171 ut
314 2109 357 2171 ab
380 2126 415 2169 re
436 2104 569 2189 publica
591 2106 704 2187 potius
726 2107 900 2171 moderata
917 2127 1017 2189 quam
1034 2106 1078 2171 ab
1093 2128 1160 2172 uno
1180 2106 1308 2172 infinita

111 2222 256 2296 speraret
269 2237 277 2288 ;
300 2211 544 2276 confirmandae
559 2210 747 2294 complures
763 2211 921 2288 civitates,
936 2231 1023 2294 quae
1038 2212 1204 2294 superiore
1219 2232 1307 2276 anno

112 2316 340 2399 largitionibus
365 2314 697 2397 concessionibusque
719 2315 939 2397 praemiorum
963 2324 1055 2378 erant
1079 2314 1254 2398 obligatae,
1270 2327 1307 2379 ut

110 2430 143 2484 et
164 2420 219 2484 illa
237 2440 322 2483 vana
337 2426 490 2502 putarent
506 2429 540 2483 et
555 2418 672 2482 eadem
693 2439 714 2482 a
735 2419 929 2482 melioribus
951 2419 1141 2485 auctoribus
1163 2420 1306 2502 petenda

109 2526 359 2603 existimarent;
374 2522 553 2587 eliciendae
565 2522 667 2586 etiam
676 2522 864 2586 voluntates
874 2521 1082 2604 reliquorum,
1090 2524 1148 2605 qui
1160 2522 1307 2587 finitimis
1323 2541 1353 2576 20

108 2744 167 2793 verb
183 2742 244 2792 with
261 2757 277 2790 1
292 2739 408 2806 genitive,
424 2753 463 2802 cp.
478 2737 518 2788 De
535 2737 615 2788 Amic.
630 2751 651 2800 a,
666 2736 682 2786 6
730 2738 758 2788 ol
767 2753 782 2786 1
794 2737 916 2802 province,
934 2738 1077 2803 imperator,
1093 2737 1143 2788 aud
1159 2737 1246 2787 consul
1264 2738 1306 2787 de·

109 2809 204 2858 ‘multa
220 2808 273 2856 eius
289 2840 295 2854 .
311 2843 317 2855 .
336 2805 376 2855 vel
392 2805 491 2869 provise
507 2804 681 2868 prudenter..
728 2805 847 2868 signatus.

109 2871 262 2925 serebantur?
762 2873 807 2917 Ab
824 2885 858 2919 ee
873 2873 943 2929 vitu,
960 2868 1038 2919 ‘aster
1053 2868 1114 2919 such
1125 2885 1141 2918 1
1151 2868 1212 2929 lile,’
1229 2869 1306 2918 ‘with

142 2944 264 2988 Maturo.
282 2932 517 2999 ‘Maturus'=‘qui
529 2934 614 2984 debito
622 2942 683 2984 tem·
729 2935 790 2984 such
810 2932 983 2984 anteoedeuts’
1016 2935 1306 2999 Cp.Ep.33,1,note

109 3002 225 3070 porefit!
258 3001 365 3052 Forcell.
730 3015 762 3049 ou
775 2998 952 3064 ‘abrepulss.'

142 3084 164 3132 3.
182 3072 353 3127 complures.
386 3064 496 3131 Perhaps
516 3065 553 3115 M.
573 3065 683 3131 lepidus
760 3080 785 3140 9.
804 3069 847 3114 Ee
858 3081 916 3127 spe,
927 3067 972 3115 i.e.
984 3064 1027 3115 the
1038 3063 1104 3129 hope
1116 3065 1145 3115 ol
1156 3064 1199 3114 the
1208 3066 1305 3115 consul·

108 3131 682 3264 hnighhdthmssgcriatfflhrrisffll'hilipplioffi.
729 3129 976 3246 Ὓοὲἕέᾱῗᾶῗιω
991 3197 1142 3271 quicquum
1158 3231 1164 3244 .
1178 3231 1185 3244 .
1201 3202 1304 3257 potest,

107 3267 156 3333 46;
174 3279 302 3331 5.19,5u.
728 3268 789 3311 ‘cau
805 3262 884 3310 either
900 3260 974 3310 suffer
989 3277 1038 3325 any
1054 3261 1213 3324 humiliating
1231 3270 1304 3312 treat-

140 3350 164 3396 4.
183 3335 359 3390 Demisisset,
370 3344 410 3393 cp.
424 3345 449 3394 p.
463 3337 518 3391 ³7²-
729 3335 797 3377 ment
814 3327 890 3391 [irum
903 3326 1016 3390 Antony]
1033 3341 1062 3375 or
1079 3327 1158 3376 desire
1168 3341 1184 3374 1
1195 3328 1304 3391 position

142 3414 164 3462 5.
182 3402 228 3447 Ad
247 3397 460 3455 proficiendum,
483 3394 521 3442 ‘in
541 3400 637 3458 respect
657 3393 686 3443 ol
729 3393 868 3457 dangerous
879 3400 906 3442 to
917 3393 959 3441 the
970 3389 1050 3442 state?

108 3463 150 3514 the
169 3463 298 3514 execution
320 3461 349 3510 ol
368 3476 410 3524 my
431 3455 555 3524 promise!
588 3457 680 3522 Siipfle.
764 3472 802 3506 12.
819 3461 928 3507 Multae
939 3461 1089 3518 impensas.
1122 3456 1177 3507 The
1189 3456 1270 3522 plural
1282 3458 1305 3506 is

108 3531 155 3594 Cp.
173 3530 245 3580 Caes.
263 3527 326 3578 Bell.
344 3527 399 3576 Ciu.
421 3539 442 3574 1.
455 3524 485 3573 61
499 3524 546 3573 ‘sd
557 3530 683 3573 uanseuu·
729 3539 854 3583 common,
867 3525 912 3574 but
929 3530 973 3572 not
990 3522 1136 3588 apparently
1152 3523 1178 3571 in
1196 3523 1305 3574 Cicero's

108 3596 167 3644 dum
188 3590 392 3659 impedirentur3'
415 3590 469 3640 also
486 3589 606 3654 Nugelsb.
627 3603 682 3652 113,
729 3590 847 3653 writings.

109 3655 683 3770 <>
763 3654 958 3783 11
977 3718 1233 3782 n.
1245 3650 1306 3768 se

107 3793 137 3841 oi
144 3743 184 3841 his
196 3763 253 3841 oirn
264 3790 368 3841 soldiers
376 3789 425 3838 aud
434 3789 463 3836 oi
472 3787 514 3836 the
525 3786 682 3851 provinciale
730 3786 759 3837 ol
767 3787 835 3851 large
846 3784 965 3836 rewards’
977 3801 1009 3834 on
1021 3756 1144 3848 Antony's
1154 3784 1246 3834 behsli.

107 3858 154 3923 Cp.
169 3863 181 3917 5
195 3871 218 3919 3.
765 3850 802 3900 16.
819 3855 865 3900 Ab
876 3866 943 3913 uno,
954 3867 987 3902 sc.
998 3852 1117 3901 Antonio

140 3926 164 3973 ὁ.
182 3926 218 3971 In
229 3938 270 3982 10,
284 3922 337 3972 se‘
344 3921 369 3969 iu
381 3916 540 3983 pollicendo?
764 3918 801 3966 18.
829 3919 1053 3975 Largitiouibus.
1102 3913 1244 4028 Especially
1271 3915 1305 3978 by

141 3991 352 4047 opitulandum,
373 3984 433 4034 used
453 3983 514 4033 with
534 3982 616 4032 adst
634 3983 682 4046 Ep.
791 3991 814 4033 ts
833 3982 863 4032 ol
882 3982 1027 4048 citizenship
1045 3982 1131 4032 undo
1162 3980 1304 4045 exemptiou

109 4068 163 4117 133,
178 4069 199 4102 a.
728 3999 793 4098 ffi
809 4056 885 4098 taxes.
919 4049 967 4113 Cp.
985 4048 1045 4098 Intr.
1064 4056 1091 4098 to
1110 4047 1169 4097 Part
1186 4045 1218 4108 V,
1239 4048 1252 4105 ς
1273 4059 1305 4108 3;

142 4132 164 4184 7.
182 4121 352 4177 Expeditius
363 4119 434 4164 iter.
445 4115 547 4174 nolui,
560 4113 598 4165 lie
613 4112 683 4163 ‘that
728 4114 838 4179 Philipp.
852 4128 873 4162 1.
886 4112 927 4175 36,
939 4129 979 4178 91.

107 4186 150 4236 the
162 4185 223 4235 rond
235 4194 261 4234 to
272 4185 314 4234 the
327 4196 442 4232 common
458 4179 536 4244 saiety
549 4179 640 4229 should
651 4181 682 4229 be
762 4183 918 4240 Obligatus,
931 4180 975 4230 i.e.
987 4180 1020 4243 by
1030 4179 1133 4241 Antouy
1143 4192 1171 4226 as
1182 4175 1276 4227 consul.

107 4252 132 4300 in
141 4253 221 4300 better
231 4249 360 4300 condition
372 4247 432 4296 than
444 4245 498 4295 that
510 4246 593 4296 which
602 4245 643 4296 led
654 4254 682 4295 to
764 4260 801 4310 19.
820 4249 846 4293 A
858 4248 1023 4295 melioribus
1035 4245 1206 4294 auctoribus.
1237 4241 1304 4292 That

107 4334 150 4380 my
162 4318 257 4382 private
269 4312 349 4364 lame?
385 4311 520 4361 ‘Iwished
530 4319 558 4360 to
569 4312 683 4361 consider
728 4311 834 4372 is,irom
847 4310 889 4361 the
900 4319 983 4361 senate
995 4310 1044 4359 and
1087 4309 1153 4374 ople.

107 4399 151 4447 my
169 4379 292 4468 country’s
308 4377 376 4444 good
392 4377 475 4427 rather
489 4377 550 4426 thau
565 4393 608 4440 my
624 4392 681 4426 own
763 4391 802 4425 10.
819 4380 1013 4434 Reliquorum,
1024 4378 1032 4403 ‘
1040 4391 1056 4424 0
1080 4375 1122 4425 the
1133 4373 1205 4424 other
1215 4388 1304 4438 gover-

107 4449 254 4513 reputation.
728 4440 802 4502 nors‚'
811 4441 946 4508 especially
954 4442 984 4493 oi
991 4441 1102 4507 Lepidus
1109 4441 1159 4491 eud
1168 4440 1198 4493 oi
1202 4440 1305 4490 Asinius

140 4515 164 4565 8.
182 4517 218 4562 lu
236 4527 270 4563 es
286 4514 408 4562 fortune.
441 4507 484 4559 He
495 4523 547 4559 was
560 4520 683 4573 governor
728 4508 821 4560 Pollio.
