3030 5542
140 391 187 440 n.
205 368 272 462 an]
501 375 568 436 nn
589 372 890 436 FAMILIARES
909 375 938 438 1.
956 387 985 455 7.
1278 371 1339 454 185

139 567 241 630 quem
264 558 300 613 tu
325 568 379 612 me
400 567 472 611 esse
493 547 648 612 voluisti:
671 547 812 612 alterum
837 546 922 613 facio
947 548 1093 625 libenter,
1112 556 1157 624 ut,
1179 545 1337 629 quoniam

140 650 311 717 intervallo
324 652 471 717 locorum
487 662 520 717 et
532 661 721 736 temporum
733 652 870 716 diiuncti
885 673 1008 731 sumus,
1019 673 1077 735 per
1088 652 1215 716 litteras
1226 659 1337 714 tecum

139 776 240 839 quam
255 757 448 839 saepissime
462 755 639 838 colloquar.
684 755 784 838 Quod
799 755 827 819 si
843 756 947 819 rarius
961 755 1019 820 fiet
1030 776 1130 838 quam
1145 764 1182 818 tu
1199 773 1338 838 exspec-

138 860 235 939 tabis,
254 861 288 924 id
311 861 372 925 erit
395 880 521 938 causae,
539 862 628 943 quod
652 881 717 923 non
739 860 810 924 eius
832 861 961 944 generis
984 881 1078 924 meae
1100 860 1230 923 litterae
1252 866 1338 933 sunt,

139 975 177 1028 ut
205 984 263 1029 eas
293 965 435 1049 audeam
466 975 591 1028 temere
620 965 850 1029 committere:
882 965 1033 1047 quotiens
1062 963 1142 1027 mihi
1173 973 1365 1034 certorum5

138 1067 313 1131 hominum
335 1077 484 1151 potestas
505 1069 577 1145 erit,
600 1068 720 1150 quibus
746 1078 834 1132 recte
863 1069 950 1143 dem,
972 1089 1039 1132 non
1061 1066 1336 1151 praetermittam.

106 1171 241 1255 aQuod
263 1173 345 1236 scire
367 1173 425 1248 vis,
440 1193 507 1254 qua
528 1173 668 1255 quisque
690 1172 723 1234 in
746 1183 780 1236 te
802 1171 869 1236 fide
890 1173 934 1236 sit
956 1182 990 1237 et
1012 1171 1190 1248 voluntate,
1206 1169 1338 1234 difficile

139 1276 229 1340 dictu
253 1285 304 1340 est
327 1277 370 1340 de
392 1275 547 1359 singulis:
572 1296 674 1339 unum
698 1275 778 1339 illud
795 1276 911 1353 audeo,
927 1276 1017 1359 quod
1033 1284 1130 1340 antea
1153 1273 1215 1338 tibi
1237 1292 1338 1356 saepe

138 1378 330 1462 significavi,
349 1401 435 1443 nunc
455 1400 588 1462 quoque
610 1400 646 1443 re
668 1389 840 1462 perspecta
861 1390 896 1444 et
919 1380 1052 1462 cognita
1073 1379 1224 1453 scribere,
1239 1378 1338 1441 vehe-

138 1493 266 1547 menter
287 1485 448 1565 quosdam
473 1483 624 1548 homines
656 1493 690 1548 et
713 1504 771 1548 eos
802 1483 959 1561 maxime,
981 1484 1038 1565 qui
1065 1493 1100 1547 te
1131 1494 1165 1547 et
1189 1481 1336 1545 maxime
1351 1509 1383 1549 ιο

137 1587 322 1651 debuerunt
352 1598 385 1650 et
415 1586 595 1668 plurimum
633 1588 745 1651 iuvare
778 1597 967 1670 potuerunt,
997 1587 1152 1652 invidisse
1182 1585 1336 1670 dignitati

136 1700 223 1767 tuae,
239 1690 509 1772 simillimamque
532 1691 565 1753 in
589 1711 624 1755 re
641 1691 790 1755 dissimili
815 1691 862 1755 tui
886 1691 1045 1774 temporis
1067 1711 1154 1755 nunc
1176 1700 1210 1755 et
1233 1689 1336 1753 nostri

135 1797 305 1877 quondam
322 1794 421 1857 luisse
436 1795 609 1870 rationem,
627 1805 672 1872 ut,
686 1816 771 1877 quos
787 1805 823 1859 tu
840 1795 885 1859 rei
901 1796 1053 1877 publicae
1075 1814 1173 1858 causa
1186 1795 1336 1871 laeseras,

136 1898 248 1981 palam
267 1908 302 1963 te
324 1909 565 1982 oppugnarent,
579 1919 719 1980 quorum
743 1899 982 1974 auctoritatem,
1000 1898 1197 1980 dignitatem
1220 1897 1336 1960 volun-

135 2013 306 2085 tatemque
322 2003 523 2081 defenderas,
532 2023 599 2067 non
614 2012 684 2067 tam
701 2023 863 2067 memores
879 2014 988 2067 essent
1003 2002 1134 2067 virtutis
1146 2011 1222 2066 tuae
1234 2020 1334 2084 quam
1351 2029 1381 2079 15

135 2105 243 2169 laudis
260 2105 395 2170 inimici.
440 2105 520 2189 Quo
535 2108 671 2190 quidem
687 2118 847 2189 tempore,
864 2117 899 2170 ut
915 2108 1087 2191 perscripsi
1109 2106 1151 2171 ad
1172 2116 1206 2169 te
1229 2114 1336 2182 antea,

134 2209 276 2292 cognovi
302 2209 518 2273 Hortensium
552 2210 768 2294 percupidum
792 2212 850 2286 tui,
873 2212 1058 2276 studiosum
1082 2209 1268 2287 Lucullum,
1291 2229 1336 2272 ex

136 2313 386 2397 magistratibus
409 2324 521 2378 autem
545 2315 585 2378 L.
610 2313 776 2378 Racilium
807 2326 841 2379 et
864 2313 930 2379 fide
953 2324 988 2381 et
1019 2314 1132 2380 animo
1165 2313 1334 2397 singulari.

136 2416 226 2480 Nam
242 2428 356 2481 nostra
371 2419 593 2502 propugnatio
608 2439 647 2483 ac
659 2419 806 2482 defensio
818 2418 990 2501 dignitatis
1000 2429 1079 2483 tuae
1090 2425 1226 2501 propter
1242 2437 1333 2500 mag-

135 2521 321 2584 nitudinem
338 2519 488 2586 beneficii
505 2524 552 2586 tui
568 2521 705 2586 tortasse
720 2522 885 2605 plerisque
903 2521 1003 2586 officii
1019 2522 1177 2586 maiorem
1194 2519 1382 2588 auctori-10

103 2634 241 2689 atatem
264 2624 387 2689 habere
409 2626 561 2691 videatur
582 2647 684 2709 quam
706 2627 897 2691 sententiae.
944 2625 1118 2689 Praeterea
1137 2623 1272 2707 quidem
1292 2624 1335 2686 de

135 2729 363 2793 consularibus
378 2730 500 2792 nemini
512 2750 649 2813 possum
664 2741 723 2795 aut
735 2731 837 2794 studii
849 2749 927 2814 erga
938 2738 973 2792 te
987 2739 1045 2794 aut
1057 2728 1155 2792 officii
1168 2737 1225 2790 aut
1237 2727 1334 2791 amici

170 2891 191 2925 1.
210 2880 301 2934 Quem
313 2885 400 2927 tuma
413 2893 475 2928 aare
487 2881 614 2939 voluisti,
635 2879 711 2929 ‘such
759 2878 800 2928 On
822 2878 864 2928 the
882 2877 954 2928 ordor
972 2877 1002 2929 oi
1017 2875 1060 2927 the
1078 2876 1168 2936 words,
1187 2891 1226 2941 cp.
1246 2875 1332 2926 Madv.

133 2958 162 2992 as
173 2958 222 3006 you
233 2943 326 2993 wished
336 2944 347 2991 l
356 2944 446 2993 should
456 2943 501 2994 be’
513 2944 583 2993 when
595 2959 643 3010 you
655 2960 711 3009 pro·
758 2956 805 3007 472
819 2961 841 2993 a.
851 2945 875 2994 b.

133 3008 219 3057 moted
230 3024 272 3072 my
283 3008 357 3059 recall
369 3010 432 3058 from
444 3009 515 3061 exile.
794 3024 832 3060 η.
850 3012 888 3059 In
898 3024 929 3059 re
941 3010 1083 3059 dissimili.
1101 3008 1149 3072 Cp.
1161 3013 1173 3067 5
1184 3008 1207 3064 8,
1220 3008 1334 3072 ‘gaudeo

169 3086 191 3134 3.
210 3077 320 3130 Quod:
329 3079 366 3124 ‘et
378 3072 442 3125 hoc)
476 3075 523 3140 Cp.
536 3075 620 3125 Madv.
633 3076 689 3139 448.
757 3082 826 3125 tuam
837 3075 983 3125 dissimilem
996 3075 1068 3124 foisse
1080 3071 1218 3123 fortunam!

135 3142 309 3269 141411ιέ8.513
329 3144 508 3190 samsa=‘ea
530 3138 619 3191 eausa!
662 3142 709 3205 Cp.
757 3145 846 3256 C'l'pi
869 3144 1011 3255 tpprporis,
1026 3145 1041 3270 ⁷⁸
1048 3156 1110 3203 your
1128 3140 1189 3189 time
1207 3139 1236 3187 os
1253 3137 1333 3190 need.⁸

166 3222 181 3253 a
199 3221 221 3254 v.
310 3242 316 3254 .
780 3223 804 3271 p.
838 3222 866 3255 ro
908 3220 1012 3267 anem,
1040 3221 1064 3270 9.

363 3273 370 3297 C
412 3272 417 3282 '
437 3273 443 3284 ‘
467 3273 493 3297 Η
944 3277 950 3298 1
980 3288 985 3298 ι
1023 3270 1029 3291 ¹

135 3272 710 3412 pffdrsiregpirdpzdfflihrdicgd’ddduhihh
791 3275 1213 3400 gludhdh'ummauetorttasem
1243 3337 1333 3386 ‘while

134 3416 160 3449 ιιι
172 3401 221 3450 th1s
232 3410 327 3451 matter.
756 3403 827 3452 those
838 3404 922 3452 whose
933 3402 1066 3453 intluenoe.⁸
1100 3402 1150 3452 For
1160 3402 1202 3452 the
1214 3403 1333 3452 omission

169 3469 325 3524 certorum,
338 3467 528 3532 ‘trustworthy’
563 3469 670 3520 Forcell.
756 3469 786 3517 oi
794 3485 808 3517 a
819 3469 984 3532 conjunction,
997 3485 1037 3533 cp.
1049 3468 1134 3517 Madv.
1146 3478 1204 3532 437,
1216 3469 1240 3523 d,
1254 3469 1315 3518 Obs.

168 3531 191 3581 6.
210 3535 339 3583 Potestas
350 3538 412 3592 erit,
427 3534 455 3582 ‘1
465 3534 529 3583 shall
545 3534 607 3585 have
625 3544 650 3585 at
666 3550 710 3600 my
792 3546 828 3597 17.
848 3537 1046 3591 Peroupidum.
1092 3534 1154 3583 This
1169 3534 1237 3582 word
1254 3549 1333 3584 seems

134 3599 285 3648 command!
335 3600 381 3664 Cp.
404 3600 445 3648 Ad
464 3601 516 3649 nn.
540 3599 576 3649 16.
600 3601 629 3648 16
645 3602 707 3659 E‚1
755 3608 799 3649 not
810 3609 837 3649 to
849 3615 923 3649 ocem
933 3599 1072 3650 elsewhere.

134 3668 260 3728 ‘potestas
278 3665 331 3714 eius
349 3665 384 3714 rei
394 3663 416 3724 ;'
435 3665 490 3715 also
508 3663 551 3715 the
568 3667 709 3730 expression
791 3668 830 3715 18.
848 3668 1071 3723 Magistratlbue.
1105 3665 1146 3715 On
1163 3664 1205 3714 the
1221 3665 1332 3730 applica·

134 3732 297 3792 ‘potestatem
325 3731 362 3779 sui
387 3728 484 3790 iacere,’
507 3731 537 3780 ol
554 3733 710 3796 magistrates
755 3731 808 3779 tion
827 3731 856 3779 oi
868 3731 917 3780 this
933 3739 995 3780 term
1011 3739 1040 3780 to
1055 3730 1096 3780 the
1117 3731 1227 3780 tribunes
1246 3731 1275 3780 oi
1290 3730 1332 3780 the

133 3795 249 3859 granting
270 3811 353 3845 access
374 3803 401 3844 to
423 3795 578 3857 themselves,
601 3813 627 3863 p.
654 3812 707 3858 102,
756 3811 894 3855 commons,
906 3811 945 3860 cp.
958 3797 1006 3862 Ep.
1021 3810 1059 3855 ao,
1071 3796 1096 3858 6,
1107 3804 1173 3846 note.

132 3859 262 3909 noteoul.
277 3874 314 3925 19.
789 3865 820 3910 L.
833 3864 982 3910 Racilium.
1017 3862 1072 3911 One
1083 3862 1112 3911 oi
1120 3861 1161 3910 the
1172 3861 1280 3912 tribunes
1294 3861 1333 3911 ior

167 3928 262 3976 Rsote.
296 3926 342 3992 Cp.
356 3927 402 3992 Ep.
416 3940 455 3987 ro,
470 3935 569 3987 1,note.
755 3927 804 3977 this
815 3943 879 3990 year.
913 3927 1020 3992 CpEp.
1036 3935 1185 3990 22,4,note.

167 3993 400 4055 Praeter-mittum,
421 4009 454 4045 sc.
478 3994 564 4044 ‘dare’
586 4009 615 4043 or
636 3993 710 4044 ‘scn-
791 4006 828 4068 19.
845 3995 920 4041 Nam
931 3992 1333 4042 introducesandanswersanob·

132 4057 208 4107 bere’
753 4057 861 4120 jechon:
882 4058 909 4106 ‘I
921 4073 965 4121 say
976 4058 1081 4123 nothing
1093 4059 1123 4108 oi
1135 4059 1231 4122 myseli,
1245 4055 1333 4108 sor-J

168 4132 189 4186 7.
208 4125 292 4178 Quod
303 4126 375 4174 scire
386 4128 441 4185 via,
455 4128 533 4175 ‘asto
544 4141 606 4190 your
613 4124 675 4174 wish
682 4132 710 4175 to
757 4124 803 4189 Cp.
816 4140 841 4189 p.
855 4132 894 4186 71,
906 4124 925 4174 l.
939 4137 962 4185 3,
973 4132 1040 4174 note.

132 4186 224 4237 know!
258 4189 305 4253 Cp.
318 4189 403 4240 Madv.
417 4190 500 4254 398b,
512 4191 574 4240 Obs.
589 4204 610 4242 a.
791 4203 828 4238 ao.
847 4192 980 4239 Fortasse
997 4226 1005 4240 .
1023 4228 1029 4240 .
1048 4225 1054 4237 .
1073 4192 1237 4248 sententiae,
1260 4192 1332 4254 ‘may

166 4269 190 4317 9.
210 4255 381 4316 stemnoavi,
395 4256 511 4319 ‘pointed
523 4263 566 4305 out
578 4263 604 4306 to
617 4254 681 4319 you!
756 4270 822 4304 seem
833 4262 861 4304 to
872 4255 934 4303 have
950 4270 1019 4304 more
1036 4255 1189 4318 importanee
1206 4270 1234 4303 as
1251 4271 1266 4303 a
1282 4255 1332 4303 dis·

169 4332 206 4367 10.
226 4321 544 4379 Quosdam,‘consulares
555 4322 651 4371 videtur
662 4323 710 4386 sig·
756 4321 847 4385 charge
858 4321 887 4369 oi
896 4321 964 4384 duty,
976 4320 1036 4370 than
1053 4336 1081 4369 as
1097 4336 1128 4368 an
1148 4319 1273 4385 impartial
1291 4336 1330 4369 ex·

132 4383 248 4435 nificare!
282 4384 378 4435 Manut.
421 4386 537 4435 Isbould
549 4387 636 4450 hardly
648 4388 710 4438 have
756 4388 867 4452 pression
880 4384 1036 4451 osopinion!
1072 4386 1158 4435 Hofm.

132 4450 240 4515 thought
250 4450 293 4500 the
304 4451 425 4501 referenoe
436 4467 465 4501 so
478 4452 585 4516 general.
790 4465 828 4502 21.
847 4455 1004 4514 Praeterea,
1033 4451 1110 4501 ‘with
1143 4451 1212 4502 these
1245 4466 1332 4517 excep

165 4518 205 4567 ut
216 4520 338 4567 maxime
355 4520 523 4580 debuerunt,
541 4533 575 4571 sc.
594 4516 708 4570 ‘invare’
753 4516 834 4569 tiona'
