3030 5542
192 826 258 894 344
542 804 591 870 M.
616 803 779 865 runnu
801 802 1059 867 cronnoms
1232 796 1328 890 [rm
1341 819 1394 865 111.

192 986 229 1040 ut
252 976 285 1039 in
309 1024 317 1040 .
341 1023 349 1038 .
375 1022 382 1037 .
406 975 464 1039 sed
488 974 565 1039 lraec
585 970 772 1062 hactenus}
825 973 955 1038 ‘Causa
977 973 1077 1056 igitur
1099 994 1166 1038 non
1188 975 1276 1039 bona
1296 979 1428 1039 est?’⁴

193 1080 304 1144 Immo
320 1081 457 1164 optima,
475 1081 534 1143 sed
557 1088 680 1163 agetur,
697 1089 874 1154 memento,
886 1077 1097 1142 foedissime:
1121 1078 1263 1161 primum
1286 1078 1396 1143 consi-

191 1182 273 1248 lium
296 1193 348 1248 est
369 1182 528 1247 suffocare
549 1185 664 1246 urbem
689 1192 722 1246 et
746 1182 877 1246 Italiam
895 1182 991 1258 lame,
1006 1181 1128 1245 deinde
1142 1202 1240 1264 agros
1254 1191 1398 1260 vastare,

193 1308 296 1362 urere,
313 1288 462 1370 pecuniis
478 1285 695 1370 locupletium
716 1308 778 1350 non
801 1285 983 1361 abstinere3
1005 1286 1064 1349 sed
1086 1305 1162 1349 cum
1185 1287 1302 1350 eadem
1326 1306 1397 1351 me-

163 1399 283 1463 stuam
307 1391 350 1455 ab
373 1391 435 1454 hac
455 1400 559 1473 parte,
582 1390 609 1453 si
633 1389 714 1453 illim
737 1388 934 1454 beneficium
958 1410 1024 1451 non
1052 1390 1105 1462 sit,
1129 1390 1249 1454 rectius
1277 1399 1395 1473 putem

191 1495 322 1577 quidvis
344 1494 434 1557 domi
458 1494 595 1577 perpeti.
643 1491 710 1556 Sed
736 1494 781 1557 ita
805 1493 963 1555 meruisse
986 1493 1078 1555 illum
1102 1493 1144 1556 de
1167 1514 1221 1556 me
1242 1502 1335 1576 puto,
1359 1504 1397 1559 ut

192 1598 372 1681 ἀχαριστίας
383 1598 505 1661 crimen
518 1597 628 1660 subire
639 1616 704 1659 non
716 1597 876 1659 audeam:
892 1615 1094 1678 quamquam
1105 1618 1124 1660 a
1135 1605 1167 1659 te
1179 1598 1249 1661 eius
1260 1617 1398 1680 quoque

193 1702 237 1765 rei
266 1701 352 1765 iusta
381 1701 527 1764 defensio
555 1710 605 1763 est
637 1700 816 1782 explicata.
863 1700 916 1761 De
943 1698 1113 1783 triumpho
1135 1699 1196 1764 tibi
1218 1701 1428 1778 adsentior,s

191 1825 291 1887 quem
315 1805 449 1887 quidem
473 1814 582 1868 totum
605 1803 700 1866 facile
723 1813 756 1866 et
779 1802 919 1866 libenter
940 1802 1111 1867 abiecero:
1135 1805 1266 1887 egregie
1288 1804 1397 1887 probo

147 1930 178 1964 ιο
191 1907 262 1972 sore
281 1918 326 1984 ut,
342 1908 422 1971 dum
438 1927 607 1990 vagamur,
623 1907 640 1967 ὁ
655 1906 752 1971 πλόος
767 1905 876 1987 ὡραῖος
893 1906 1041 1988 obrepat.
1072 1906 1130 1972 ‘Si
1150 1905 1267 1972 modo’
1286 1908 1396 1990 inquis

191 2012 293 2076 ‘satis
312 2012 367 2074 ille
388 2012 447 2074 erit
464 2006 595 2074 firmus.'
641 2009 704 2073 Est
727 2009 852 2072 firmior
874 2010 974 2073 etiam
998 2031 1099 2092 quam
1115 2011 1332 2093 putabamus;
1352 2012 1396 2076 de

191 2115 257 2179 isto
274 2115 347 2178 licet
363 2115 447 2178 bene
463 2133 596 2198 speres:
620 2113 779 2195 promitto
795 2113 866 2190 tibi,
883 2114 909 2177 si
932 2112 1064 2191 valebit,
1080 2115 1226 2197 tegulam
1248 2114 1342 2178 illum
1363 2116 1397 2179 in

193 2218 292 2281 Italia
308 2217 431 2280 nullam
448 2217 648 2280 relicturum.
672 2215 786 2278 ‘Tene
802 2217 901 2298 igitur
913 2217 1003 2281 socio
1013 2213 1046 2279 ?'
1070 2216 1194 2282 Contra
1210 2217 1397 2283 mehercule

193 2342 305 2385 meum
324 2321 480 2384 iudicium
497 2329 531 2384 et
546 2330 661 2383 contra
676 2320 823 2382 omnium
844 2320 1056 2402 antiquorum
1079 2323 1319 2399 auctoritatem,
1335 2344 1396 2388 nec

146 2446 177 2495 ιε
191 2433 261 2488 tam
277 2434 313 2487 ut
329 2423 385 2487 illa
400 2424 554 2486 adiuvem
575 2443 676 2505 quam
699 2433 736 2486 ut
759 2422 840 2487 haec
864 2443 906 2488 ne
928 2425 1059 2488 videam
1083 2425 1181 2508 cupio
1204 2428 1397 2504 discedere3

192 2528 260 2593 noli
277 2527 365 2591 enim
381 2537 499 2609 putare
515 2524 706 2590 tolerabiles
721 2526 839 2589 horum
856 2527 1000 2591 insanias
1016 2548 1076 2592 nec
1091 2530 1187 2592 unius
1203 2530 1295 2593 modi
1310 2531 1395 2594 lore:

191 2632 254 2695 etsi
270 2631 349 2712 quid
365 2640 400 2694 te
417 2630 537 2694 horum
553 2629 646 2711 sugit,
657 2629 794 2712 legibus,
809 2630 945 2707 iudiciis,
955 2640 1070 2695 senatu
1082 2633 1224 2712 sublat0,
1237 2633 1397 2714 libidines,

189 2858 232 2892 sun
255 2840 392 2892 influenced
415 2842 449 2906 by
471 2842 513 2892 the
537 2843 719 2893 remembrance
742 2842 771 2892 oi
851 2843 875 2892 8.
893 2847 1099 2901 consumpse.
1132 2844 1187 2894 The
1197 2844 1307 2910 triumph
1316 2845 1399 2897 which

191 2913 247 2974 pust
264 2909 375 2968 services,
389 2919 433 2958 not
444 2908 478 2972 by
489 2909 531 2957 the
546 2908 670 2973 goodness
687 2909 716 2957 cl
730 2909 768 2957 his
819 2907 907 2958 Cicero
927 2909 977 2957 hed
994 2909 1091 2958 desired
1111 2909 1149 2959 lor
1167 2911 1205 2959 his
1227 2926 1351 2961 successes
1373 2913 1399 2961 in

191 2972 289 3089 pause-il
315 2971 418 3037 ‘Sequi’
431 2976 591 3038 =‘spectsre
610 2975 635 3023 in
655 2972 768 3039 agendo!
819 2974 917 3089 filicis,
930 2974 1180 3090 andwhpchuhpknow
1192 2976 1399 3092 iptenfdedepther

213 3055 297 3089 orce.
830 3055 1056 3089 orenonnceoro
1130 3056 1171 3091 es
1210 3057 1240 3090 ea
1261 3058 1333 3091 orno
1356 3059 1399 3093 en·

224 3105 277 3170 [Ut
298 3108 330 3154 in
353 3108 463 3154 Milone
483 3142 489 3155 .
513 3143 519 3155 .
540 3104 699 3168 hactenus}
745 3105 772 3153 Ii
819 3106 900 3169 tering
915 3105 1003 3154 Rome.
1182 3058 1199 3106 p

190 3170 259 3220 these
276 3170 357 3219 words
374 3185 415 3218 are
431 3172 544 3235 genuine,
555 3172 614 3234 they
625 3170 703 3246 imply
714 3171 769 3220 that
855 3184 891 3218 10.
910 3173 982 3220 Fors
994 3176 1061 3219 ut..
1074 3174 1200 3230 obrepet.
1233 3173 1273 3221 On
1285 3171 1328 3223 the
1338 3189 1398 3225 con·

191 3236 279 3286 Cicero
296 3235 346 3283 had
363 3243 407 3285 not
424 3236 503 3300 really
513 3235 619 3300 thought
631 3236 716 3285 Mrlo's
727 3238 768 3286 be-
819 3235 948 3294 struction,
959 3252 998 3300 cp.
1008 3236 1092 3285 Madv.
1102 3252 1158 3300 410.
1194 3237 1277 3286 ‘Your
1289 3240 1397 3299 remark,

191 3301 295 3351 huviour
307 3301 342 3364 [in
353 3301 444 3365 killing
455 3302 590 3365 Clodiusl]
603 3300 727 3350 laudable.
820 3301 872 3349 thut
883 3301 958 3349 while
973 3317 1011 3350 we
1028 3318 1069 3351 ure
1086 3304 1187 3367 moving
1204 3303 1266 3352 lrom
1284 3303 1357 3367 place
1371 3313 1399 3355 to

226 3379 247 3416 1.
266 3370 306 3415 Ut
323 3370 354 3414 ln
368 3405 373 3416 .
388 3404 392 3413 .
406 3367 534 3415 Manutius
550 3375 663 3430 suggests
677 3367 719 3415 the
735 3367 768 3415 in·
820 3365 891 3430 place
907 3366 948 3415 the
955 3365 1105 3417 dsvcumble
1119 3368 1180 3418 time
1193 3368 1232 3417 lor
1244 3370 1335 3434 sailing
1344 3369 1398 3419 will

190 3433 282 3481 sertion
305 3431 334 3480 ol
350 3431 492 3481 ‘Gabinio'
526 3433 614 3481 Cicero
635 3431 686 3479 had
709 3433 769 3481 been
819 3430 906 3481 come!

190 3496 297 3546 induced
310 3504 337 3545 tc
347 3497 437 3546 deleud
448 3497 577 3547 Gabinius.
611 3497 659 3560 Cp.
672 3496 730 3545 lntr.
743 3504 769 3546 to
852 3494 867 3543 ὁ
884 3494 967 3548 πλόος
984 3496 1084 3562 ὡραῖοι,
1095 3499 1132 3548 lit.
1145 3500 1183 3548 ‘it
1200 3500 1221 3549 is
1232 3498 1279 3549 lsir
1289 3500 1400 3550 westher

192 3563 250 3611 Part
261 3561 322 3620 11.;
340 3576 376 3609 10.
820 3561 859 3611 ior
875 3561 983 3626 salling)
1024 3563 1079 3612 The
1096 3565 1177 3613 words
1193 3581 1234 3615 ere
1251 3566 1399 3616 introduced

225 3631 316 3676 osuss
327 3630 423 3685 igitur.
432 3627 485 3677 soll.
508 3627 607 3677 Atticus
615 3626 636 3676 is
644 3628 768 3691 supposed
820 3627 965 3692 apparently
977 3628 1080 3678 without
1092 3631 1180 3693 regurd
1192 3638 1219 3679 tc
1232 3632 1303 3680 strict
1314 3647 1399 3695 gram

192 3693 283 3742 tosslt.
819 3709 880 3742 mar.

225 3772 250 3819 3.
270 3760 412 3806 Suffocsre
429 3792 436 3806 .
455 3793 462 3807 .
481 3760 563 3813 fame.
584 3757 623 3807 ie.
641 3759 675 3822 by
697 3759 767 3808 iuter-
855 3772 892 3807 11.
910 3762 963 3808 Est
979 3762 1086 3808 firmior
1104 3795 1129 3809 ..
1146 3765 1323 3821 putabamus,
1343 3761 1399 3810 'bis

191 3824 292 3887 oepting
304 3823 413 3886 supplies
425 3821 489 3871 from
501 3823 543 3872 the
559 3838 618 3871 corn
634 3825 768 3887 provinces.
820 3824 943 3888 langunge
959 3824 1039 3874 shews
1049 3834 1145 3889 greater
1158 3828 1269 3890 strength
1285 3827 1344 3876 than
1360 3843 1400 3877 we

192 3889 240 3952 Cp.
253 3889 299 3951 Ep.
312 3886 352 3942 62,
365 3901 387 3935 a.
422 3885 574 3937 ‘Sullocare’
587 3903 665 3939 seems
681 3897 726 3939 not
742 3898 769 3938 to
820 3887 956 3953 expected!

192 3954 222 4002 be
245 3953 305 4002 used
328 3953 354 4000 in
376 3969 392 4001 s
414 3953 594 4018 metaphoricul
616 3970 686 4004 sense
707 3956 768 4006 else
853 3958 895 4004 De
907 3959 971 4015 isto,
987 3958 1035 4004 ‘cn
1048 3956 1101 4005 that
1113 3955 1201 4022 point’
1235 3958 1306 4008 Boot

190 4018 279 4068 where,
855 4032 892 4068 12.
912 4022 1283 4087 sivslobin‘ifheprevails'
1309 4022 1401 4074 Valere

225 4098 248 4146 5.
276 4085 322 4132 Ab
351 4087 404 4133 huc
431 4091 520 4145 puro,
551 4084 628 4135 ‘from
657 4083 770 4136 Caesar’s
825 4086 953 4150 =pcllere.
988 4087 1093 4137 Forcell.

192 4146 302 4207 friends:
315 4149 365 4197 and
376 4159 466 4199 cannot
477 4150 659 4213 therelorejoin
671 4152 746 4200 them.
853 4154 990 4209 'Peculium
1013 4189 1020 4201 .
1043 4188 1049 4201 .
1072 4157 1245 4216 relicturum,
1271 4154 1318 4204 ‘he
1344 4154 1400 4204 vill

225 4217 312 4270 mim,
333 4217 383 4263 ‘on
405 4216 467 4264 Pom
502 4215 537 4279 y's
559 4214 630 4267 side!
663 4218 703 4266 On
727 4218 769 4267 the
820 4217 890 4268 leave
901 4233 934 4265 no
946 4217 1024 4266 house
1036 4218 1086 4266 still
1099 4219 1201 4270 rooted!

191 4284 261 4328 tense
278 4279 307 4328 oi
320 4279 383 4340 ‘sit,’
401 4296 439 4345 cp.
458 4232 505 4346 llll.
525 4296 548 4368 §t
567 4297 590 4345 3,
607 4290 673 4340 note,
690 4299 714 4347 p.
730 4293 769 4347 37.
856 4296 893 4343 13.
913 4286 1003 4331 ‘'Pene
1020 4285 1109 4340 igitur
1126 4282 1237 4334 sociot’
1256 4285 1334 4334 ‘with
1350 4302 1400 4350 you

192 4345 307 4394 Wesenb.
321 4351 527 4409 suggests‘esset.
821 4347 901 4397 lcrsn
914 4346 999 4411 sllyl’
1033 4350 1130 4398 Atticus
1142 4352 1206 4398 nsks.

225 4410 249 4460 6.
269 4413 393 4466 Quidvis
411 4416 488 4462 domi
504 4416 625 4474 perpeti,
639 4417 680 4464 ‘to
696 4414 769 4463 nvait
855 4417 960 4463 contre
972 4450 978 4462 .
992 4451 998 4462 .
1010 4418 1216 4475 auctoritatem,
1230 4415 1291 4464 ‘iil
1302 4432 1399 4466 sccom·

192 4483 218 4526 st
229 4476 305 4525 home
317 4478 440 4527 whatever
451 4494 507 4541 may
519 4477 607 4529 come’
821 4495 887 4555 psny
909 4479 970 4533 him,
990 4480 1009 4528 it
1031 4480 1083 4529 will
1107 4481 1137 4530 be
1159 4483 1256 4545 against
1278 4497 1320 4545 my
1343 4498 1399 4531 own

226 4551 249 4604 7.
267 4540 431 4606 ἀχαριστίας,
453 4542 635 4609 ‘ingratitude,‘
658 4561 674 4595 u
696 4545 771 4595 class·
818 4544 949 4609 yudgment
965 4546 1015 4593 and
1026 4546 1069 4596 the
1085 4548 1199 4611 example
1216 4554 1252 4596 set
1266 4548 1298 4610 by
1309 4546 1345 4596 ull
1356 4548 1401 4598 the

192 4607 240 4657 lcel
253 4609 330 4658 word.
823 4625 878 4659 men
896 4611 926 4659 ol
940 4609 999 4671 old,'
1011 4626 1058 4674 eg.
1072 4612 1103 4675 Q.
1117 4612 1215 4661 Mucius
1226 4612 1355 4675 Scaevola,
1369 4612 1400 4664 L.

226 4676 771 4740 musquoqusret..0xp1tosrs,‘you
822 4674 963 4740 Philippus,
976 4677 1025 4725 and
1037 4676 1125 4727 others.
1160 4679 1208 4742 Ep.
1222 4693 1261 4741 54,
1274 4676 1299 4729 6.

192 4737 255 4788 have
268 4749 304 4788 set
315 4740 379 4789 lorth
388 4757 418 4788 an
432 4741 552 4804 adequare
562 4741 663 4791 desence
674 4757 733 4791 even
746 4742 775 4790 ol
857 4754 894 4804 14
914 4746 975 4790 Nec
987 4749 1045 4791 tam
1058 4778 1063 4789 .
1077 4758 1130 4792 .ne
1142 4748 1263 4802 videam,
1277 4743 1343 4792 ‘sud
1355 4752 1400 4794 not

192 4804 253 4854 such
270 4804 420 4861 behaviour,’
432 4807 471 4855 ie.
490 4806 519 4855 ol
532 4823 547 4855 a
566 4813 651 4869 parent
668 4806 770 4870 ingrati-
821 4821 849 4855 sc
867 4808 940 4856 much
957 4814 985 4855 to
1001 4808 1041 4856 aid
1059 4808 1101 4857 the
1118 4824 1191 4858 cause
1205 4809 1235 4858 of
1247 4810 1359 4874 Pompey
1372 4826 1401 4859 ns

192 4869 259 4918 tude.
298 4871 318 4919 C
339 4871 392 4920 .De
405 4872 468 4920 Orat
490 4872 770 4937 1.5,237‘utriusque
821 4880 848 4921 to
870 4873 944 4921 avoid
967 4873 1009 4922 the
1036 4873 1103 4938 sight
1124 4874 1153 4924 oi
1173 4872 1286 4925 Caesur’s
1307 4875 1401 4925 friends

192 4936 227 4985 rel
239 4935 320 4985 facilis
331 4945 368 4986 est
379 4945 404 4986 et
416 4944 533 5001 promptu
544 4935 670 4987 defensio!
821 4935 964 5002 (borum.)’
