3030 5542
97 308 146 355 ΕΡ.
160 290 228 376 20.]
489 293 556 355 AD
577 291 797 355 A'TYICUM
813 293 874 356 IV.
901 313 927 360 1.
1238 298 1298 381 163

97 484 196 547 quem
212 464 255 529 ad
278 466 415 530 modum
433 465 544 543 fracta,
559 465 726 547 dissipata,
741 464 870 549 direpta
889 466 943 543 sit,
958 487 1025 530 non
1047 463 1187 548 ignoras,
1201 467 1300 533 valde

97 569 287 633 laboramus
302 580 500 651 tuarumque
515 590 581 632 non
597 578 667 633 tam
687 569 891 648 facultatum,
906 590 989 653 quas
1006 591 1069 653 ego
1084 579 1213 636 nostras
1229 593 1299 637 esse

99 672 217 750 iudico,
240 693 342 756 quam
365 674 576 737 consiliorum
599 673 642 737 ad
670 673 871 756 colligendas
893 683 927 737 et
953 675 1202 740 constituendas
1225 677 1297 740 reli·

63 776 192 859 equias
213 787 344 841 nostras
366 777 561 860 indigemus.
605 777 711 854 Nunc,
734 777 796 841 etsi
819 777 931 841 omnia
953 787 1011 842 aut
1040 779 1162 862 scripta
1186 799 1257 844 esse
1279 801 1299 844 a

98 881 164 945 tuis
193 881 335 945 arbitror
364 891 421 945 aut
452 882 553 944 etiam
584 881 709 945 nuntiis
737 900 777 945 ac
806 901 938 945 rumore
966 882 1102 963 perlata,
1124 893 1235 946 tamen
1260 903 1328 961 eas

98 984 239 1048 scribam
265 985 365 1058 brevi,
389 1005 474 1068 quae
500 995 534 1048 te
563 995 645 1067 puto
668 985 876 1069 potissimum
901 1006 944 1049 ex
971 986 1053 1050 meis
1077 986 1193 1050 litteris
1214 987 1301 1052 velle

98 1107 307 1171 cognoscere.
352 1088 404 1151 Pr.
422 1088 537 1152 Nonas
555 1088 699 1153 Sextiles
721 1088 931 1171 Dyrrhachio
945 1109 1019 1152 sum
1036 1091 1210 1172 profectus,
1226 1091 1299 1174 ipso

98 1191 157 1257 illo
184 1193 249 1265 die,
275 1213 343 1275 quo
373 1192 429 1256 lex
454 1209 504 1257 est
536 1194 603 1258 lata
629 1194 672 1257 de
700 1193 818 1268 nobis3
851 1193 1061 1257 Brundisium
1087 1194 1162 1258 veni
1192 1195 1301 1259 Nonis

99 1294 304 1360 Sextilibus:
332 1297 378 1360 ibi
406 1297 486 1360 mihi
509 1296 655 1361 Tulliola
682 1318 755 1362 mea
778 1297 840 1361 fuit
864 1307 996 1379 praesto
1020 1298 1121 1361 natali
1144 1320 1204 1362 suo
1227 1299 1300 1382 ipso

97 1400 162 1474 die,
185 1401 241 1481 qui
265 1421 341 1465 casu
366 1401 453 1464 idem
476 1402 596 1465 natalis
618 1410 689 1465 erat
712 1410 745 1464 et
769 1401 986 1464 Brundisinae
1001 1401 1151 1465 coloniae
1167 1412 1200 1466 et
1222 1412 1300 1467 tuae
1317 1428 1346 1463 ιο

96 1503 225 1568 vicinae
256 1503 402 1581 Salutis3
436 1526 521 1588 quae
551 1526 601 1569 res
628 1506 858 1569 animadversa
884 1526 906 1568 a
932 1504 1146 1570 multitudine
1169 1527 1300 1571 summa

97 1607 371 1673 Brundisinorum
394 1608 615 1691 gratulatione
633 1609 797 1673 celebrata
817 1619 877 1673 est.
920 1609 1014 1673 Ante
1037 1610 1126 1673 diem
1148 1624 1198 1673 vt.
1221 1612 1300 1675 Idus

98 1710 246 1776 Sextiles
266 1714 417 1795 cognovi,
434 1708 524 1800 [cum
544 1714 710 1776 Brundisii
729 1708 859 1800 essem]
883 1712 1000 1777 litteris
1021 1713 1147 1796 Quinti,
1164 1714 1301 1779 mirifico

96 1816 212 1881 studio
242 1818 390 1880 omnium
425 1825 572 1881 aetatum
603 1827 705 1899 atque
733 1818 894 1894 ordinum,
925 1816 1108 1883 incredibili
1141 1838 1299 1883 concursu

99 1917 218 1983 ltaliae
243 1919 349 2003 legem
373 1922 515 1984 comitiis
538 1921 729 1985 centuriatis
751 1940 823 1985 esse
846 1920 1028 2004 perlatam:
1053 1922 1169 1986 iudea
1194 1922 1345 1995 Brun-15

98 2023 214 2088 disinis
244 2023 481 2087 honestissimis
512 2034 646 2088 ornatus
675 2025 739 2087 iter
766 2024 811 2088 ita
841 2023 912 2100 feci,
939 2033 975 2087 ut
1001 2026 1146 2107 undique
1173 2026 1216 2089 ad
1248 2046 1301 2089 me

65 2147 177 2198 acum
208 2126 428 2208 gratulatione
458 2128 559 2211 legati
590 2129 810 2192 convenerint.
855 2128 912 2193 Ad
940 2129 1054 2193 urbem
1085 2130 1131 2193 ita
1154 2128 1237 2207 veni,
1264 2139 1300 2193 ut

98 2251 200 2295 nemo
226 2231 323 2294 ullius
348 2232 471 2295 ordinis
495 2232 597 2295 homo
621 2232 859 2297 nomenclatori
886 2242 983 2296 notus
1007 2234 1112 2310 fuerit,
1137 2235 1194 2316 qui
1221 2233 1301 2296 mihi

97 2335 231 2400 obviam
257 2356 322 2399 non
346 2337 479 2412 venerit,
498 2348 627 2420 praeter
653 2358 709 2400 eos
733 2338 890 2413 inimicos,
911 2337 1031 2419 quibus
1058 2338 1091 2401 id
1117 2338 1225 2419 ipsum
1251 2333 1302 2423 [se

98 2439 252 2503 inimicos
277 2435 362 2526 esse]
395 2461 461 2504 non
493 2440 606 2505 liceret
636 2452 693 2505 aut
718 2440 924 2504 dissimulare
951 2451 1008 2506 aut
1037 2461 1168 2524 negare.
1215 2439 1300 2504 Cum
1317 2468 1347 2502 ιο

97 2544 263 2608 venissem
295 2545 339 2606 ad
370 2554 501 2626 portam
534 2544 713 2627 Capenam,
740 2546 860 2627 gradus
884 2544 1084 2627 templorum
1115 2546 1158 2608 ab
1189 2544 1302 2608 infima

97 2647 197 2731 plebe
227 2647 383 2731 completi
415 2657 516 2725 erant,
539 2670 559 2712 a
586 2669 652 2732 qua
681 2649 798 2730 plausu
830 2649 978 2711 maximo
1005 2668 1080 2712 cum
1110 2657 1198 2711 esset
1221 2647 1301 2711 mihi

96 2750 277 2837 gratulatio
299 2751 491 2833 significata,
507 2752 622 2815 similis
644 2762 679 2816 et
701 2753 883 2834 frequentia
905 2760 938 2815 et
963 2752 1097 2833 plausus
1120 2773 1174 2815 me
1196 2772 1302 2833 usque

96 2856 142 2920 ad
183 2854 383 2937 Capitolium
422 2855 607 2933 celebravit,
638 2856 670 2919 in
708 2856 844 2938 foroque
883 2865 915 2919 et
954 2856 986 2918 in
1025 2857 1095 2938 ipso
1135 2853 1302 2938 Capitolio

132 3028 156 3078 3.
175 3018 402 3076 eonsrtmennu,
416 3016 523 3080 ‘setting
535 3017 559 3065 in
572 3014 659 3066 order.‘
727 3014 835 3079 ‘having
846 3015 957 3064 received
966 3017 1098 3065 attentioris
1109 3017 1173 3065 from
1184 3016 1227 3066 the
1236 3024 1303 3066 most

131 3097 155 3143 4.
174 3084 284 3139 Omnia,
298 3081 550 3131 ·a11R0mannews.'
728 3081 881 3145 respectable
888 3097 944 3130 men
954 3082 982 3130 of
988 3082 1170 3130 Brundisinm'i
1193 3083 1240 3146 Cp.
1254 3083 1303 3132 Pro

132 3149 156 3196 8.
174 3148 242 3207 120¹,
266 3147 309 3196 the
327 3147 376 3195 law
394 3147 433 3196 for
454 3147 494 3196 his
515 3147 597 3198 recall.
630 3148 676 3198 See
727 3148 788 3211 Reg.
813 3147 897 3197 Deiot.
923 3161 944 3203 1,
970 3162 981 3195 2
1007 3155 1104 3211 ‘regem
1122 3163 1195 3211 quem
1216 3163 1303 3197 ornare

98 3213 161 3261 lntr.
174 3219 201 3260 to
212 3212 272 3261 Part
285 3212 305 3272 I,
321 3217 333 3272 ᾗ
348 3225 386 3270 ²3·
727 3221 800 3262 antea
811 3220 899 3262 cuncto
912 3227 968 3261 cum
979 3222 1064 3261 senatu
1076 3211 1205 3263 solebam.⁹

136 3291 172 3326 ro.
191 3281 311 3327 Natalis.
356 3277 410 3327 The
433 3277 524 3342 colony
547 3278 576 3327 of
598 3279 676 3327 Brun·
763 3291 801 3340 17.
819 3280 928 3338 Legati,
942 3278 1069 3342 ‘deputies
1081 3279 1144 3328 from
1154 3278 1302 3328 thevarious

97 3343 192 3392 disium
224 3359 276 3391 was
298 3343 408 3392 founded
435 3358 482 3407 ²44
507 3357 529 3392 n.
542 3356 565 3393 e.
602 3345 674 3403 Boot,
727 3341 822 3392 towns!

97 3408 222 3466 however,
231 3409 350 3473 referring
356 3415 383 3457 to
391 3410 422 3458 A.
435 3410 476 3459 W.
485 3411 575 3474 Zumpt
587 3410 675 3473 (Com
760 3413 824 3458 Ita.
838 3445 843 3458 .
855 3414 896 3469 nt,
911 3409 950 3456 ‘in
962 3409 1022 3458 such
1034 3409 1097 3473 style
1108 3407 1180 3459 that!

97 3473 441 3538 ment.Epigraph.1.239),
463 3475 546 3524 thirilrs
562 3474 617 3524 that
633 3476 676 3525 the
763 3476 800 3522 18.
818 3478 1046 3524 nomenclatori:
1074 3491 1114 3524 see
1138 3477 1185 3540 Ep.
1211 3487 1249 3535 15,
1276 3489 1301 3537 9,

97 3540 158 3589 date
169 3540 198 3587 of
208 3541 239 3588 its
254 3539 441 3589 reconstitution
460 3542 495 3604 by
512 3542 614 3600 Drusus,
634 3541 676 3592 the
727 3547 793 3589 note.
834 3539 925 3589 Biickel
949 3540 1032 3589 thinks
1050 3541 1139 3590 Cicero
1156 3556 1242 3590 means
1260 3543 1302 3589 ‘to

96 3605 161 3654 rival
175 3606 202 3653 of
212 3606 242 3655 C.
255 3605 389 3664 Gracchus,
408 3606 434 3654 in
454 3621 498 3654 122
518 3618 579 3668 tae,
597 3608 619 3656 is
639 3623 676 3656 re·
728 3622 770 3669 my
781 3605 968 3656 nomenclator!

98 3670 178 3720 ferred
190 3678 224 3719 to.
762 3685 800 3733 19.
818 3674 854 3718 Id
865 3674 966 3729 ipsum,
981 3671 1049 3720 ‘thnt
1058 3687 1116 3735 very
1125 3670 1188 3722 fact’
1201 3671 1231 3720 of
1239 3670 1303 3721 their

135 3748 173 3785 11.
195 3739 309 3785 Salutis.
342 3736 397 3786 The
409 3736 502 3802 temple
513 3737 542 3785 of
549 3736 628 3796 Salus,
642 3753 675 3786 on
726 3736 848 3800 hostility.
883 3736 979 3795 Hofm,
993 3736 1093 3785 Billerb.

97 3802 144 3851 the
155 3801 277 3863 Quirinal,
289 3802 338 3850 aud
348 3818 408 3851 near
418 3804 461 3852 the
473 3803 549 3852 house
567 3803 596 3852 of
609 3803 675 3852 Atti·
763 3815 799 3851 21.
819 3804 1008 3858 'templorum
1037 3801 1303 3866 Amongthetemples

97 3882 153 3928 cus,
170 3882 222 3915 was
238 3868 326 3916 vowed
342 3868 375 3931 by
392 3868 423 3918 C.
436 3869 528 3926 Iunius,
542 3868 636 3927 consul,
650 3869 675 3917 in
727 3883 787 3916 near
798 3867 853 3916 that
864 3875 921 3931 gate
933 3882 997 3916 were
1009 3875 1068 3927 two,
1081 3884 1167 3916 otone
1179 3868 1240 3916 with
1253 3878 1303 3916 two

96 3933 239 4050 &lpum
256 3943 313 3996 307,
333 3933 384 3982 and
403 3934 534 3984 dedicated
555 3947 602 3996 303
622 3946 675 3983 uc.
727 3929 833 4047 Lceltlrde'
839 3934 874 4046 pii
884 3932 981 4047 Hssplnosl
985 3933 1036 4007 and
1043 3933 1145 4047 1*lpirtussl
1172 3933 1303 4045 Thedceled

234 4012 272 4047 10.
287 4012 308 4048 ι,
610 4042 616 4051 ,
746 4015 798 4046 me
870 4036 875 4046 .
932 4014 963 4046 nu
985 4015 1020 4047 rus
1072 4014 1126 4047 arce
1148 4013 1215 4047 uso
1246 4012 1285 4045 ere

136 4077 175 4126 13.
188 4014 263 4113 llum
274 4067 423 4113 Brundisii
434 4079 531 4115 essem.
567 4064 594 4113 If
607 4065 676 4115 these
727 4063 769 4114 the
778 4064 891 4128 building
900 4063 926 4112 in
936 4066 982 4112 208
993 4062 1304 4132 n.c.;hnvingoriginally

97 4130 183 4179 words
191 4144 233 4178 are
240 4133 346 4193 genuine
355 4130 367 4178 I
376 4129 456 4191 think,
466 4131 527 4179 with
534 4129 582 4179 Mr.
592 4131 674 4194 Jenns,
727 4130 814 4178 vowed
826 4146 872 4178 one
885 4129 977 4193 temple
988 4130 1013 4178 in
1025 4129 1067 4179 the
1079 4129 1162 4177 Gallie
1173 4144 1244 4185 wars,
1256 4140 1301 4175 m

96 4196 155 4247 rhet
167 4195 226 4258 they
245 4211 316 4244 mean
338 4196 443 4260 ‘being'
461 4212 497 4251 or.
517 4204 562 4245 ‘as
579 4196 592 4243 I
609 4197 675 4252 was,’
728 4207 784 4245 ac,
818 4196 865 4258 Cp.
878 4194 942 4258 Livy
958 4205 996 4259 27,
1016 4202 1060 4258 ²53
1078 4192 1178 4244 Smith's
1195 4195 1263 4243 Dict.
1277 4191 1307 4242 of

97 4261 168 4312 ‘still
179 4268 206 4310 at
218 4260 390 4322 Brundisium·
400 4261 450 4310 and
461 4277 489 4311 so
501 4261 545 4310 did
555 4270 600 4310 not
615 4263 676 4311 miss
727 4261 818 4325 Geogr.
833 4274 854 4307 n.
867 4260 923 4325 819.

95 4328 140 4379 the
151 4328 232 4377 letter.
759 4331 805 4375 Ab
817 4329 915 4375 infima
925 4329 1017 4384 plebe,
1031 4340 1064 4374 on
1074 4324 1117 4374 the
1134 4323 1200 4374 force
1218 4325 1248 4374 of
1262 4322 1305 4374 the

134 4392 173 4443 16.
192 4396 323 4442 Ornatus.
355 4393 432 4444 Orell.
445 4408 565 4458 proposes
582 4399 609 4443 to
626 4393 677 4443 add
726 4391 878 4458 preposition
890 4407 930 4455 cp.
941 4392 989 4455 Ep.
1004 4404 1058 4454 104,
1072 4405 1093 4450 1,
1104 4397 1173 4440 note.

98 4458 236 4509 ‘decretis'
269 4458 317 4508 But
328 4474 387 4523 may
398 4459 586 4509 nottBewords
594 4475 674 4520 mean,
761 4473 799 4522 ²4·
817 4460 979 4518 celebravit,
993 4453 1142 4508 ‘attended'
1176 4455 1270 4520 Metzg.

668 4557 735 4608 ΜΖ
