<?xml version="1.0" encoding="UTF-8"?>
<!DOCTYPE html PUBLIC "-//W3C//DTD XHTML 1.0 Transitional//EN"
    "http://www.w3.org/TR/xhtml1/DTD/xhtml1-transitional.dtd">
<html xmlns="http://www.w3.org/1999/xhtml" xml:lang="en" lang="en">
 <head>
  <title>
</title>
<meta http-equiv="Content-Type" content="text/html;charset=utf-8" />
  <meta name='ocr-system' content='tesseract 3.04.00' />
  <meta name='ocr-capabilities' content='ocr_page ocr_carea ocr_par ocr_line ocrx_word'/>
</head>
<body>
  <div class='ocr_page' id='page_1' title='image "./cicero00cicegoog_0137.png"; bbox 0 0 3030 5542; ppageno 0'>
   <div class='ocr_carea' id='block_1_1' title="bbox 202 380 1400 470">
    <p class='ocr_par' dir='ltr' id='par_1_1' title="bbox 202 380 1400 470">
     <span class='ocr_line' id='line_1_1' title="bbox 202 380 1400 470; baseline -0.008 -16"><span class='ocrx_word' id='word_1_1' title='bbox 202 398 242 454; x_wconf 73' lang='lat'>88</span> <span class='ocrx_word' id='word_1_2' title='bbox 549 392 597 451; x_wconf 70' lang='lat' dir='ltr'>il.</span> <span class='ocrx_word' id='word_1_3' title='bbox 626 391 788 450; x_wconf 64' lang='lat' dir='ltr'><em>TL&#39;LLII</em></span> <span class='ocrx_word' id='word_1_4' title='bbox 811 388 1064 450; x_wconf 67' lang='lat' dir='ltr'>CICERONIS</span> <span class='ocrx_word' id='word_1_5' title='bbox 1268 380 1361 470; x_wconf 79' lang='lat' dir='ltr'>[PsuT</span> <span class='ocrx_word' id='word_1_6' title='bbox 1378 401 1400 444; x_wconf 87' lang='grc' dir='ltr'>Ι.</span> 
     </span>
    </p>
   </div>
   <div class='ocr_carea' id='block_1_2' title="bbox 154 555 1431 2404">
    <p class='ocr_par' dir='ltr' id='par_1_2' title="bbox 154 555 1431 2404">
     <span class='ocr_line' id='line_1_2' title="bbox 200 555 1401 639; baseline -0.005 -14"><span class='ocrx_word' id='word_1_7' title='bbox 200 564 321 627; x_wconf 85' lang='lat' dir='ltr'>iecerat</span> <span class='ocrx_word' id='word_1_8' title='bbox 337 562 520 636; x_wconf 85' lang='lat' dir='ltr'>certiorem,</span> <span class='ocrx_word' id='word_1_9' title='bbox 535 572 572 625; x_wconf 91' lang='lat' dir='ltr'>ut</span> <span class='ocrx_word' id='word_1_10' title='bbox 587 571 717 626; x_wconf 86' lang='lat' dir='ltr'>caveret</span> <span class='ocrx_word' id='word_1_11' title='bbox 733 559 865 622; x_wconf 88' lang='lat' dir='ltr'>insidias</span> <span class='ocrx_word' id='word_1_12' title='bbox 880 580 888 636; x_wconf 91' lang='lat'>;</span> <span class='ocrx_word' id='word_1_13' title='bbox 911 558 944 619; x_wconf 91' lang='lat' dir='ltr'>in</span> <span class='ocrx_word' id='word_1_14' title='bbox 959 578 1026 639; x_wconf 95' lang='lat' dir='ltr'>quo</span> <span class='ocrx_word' id='word_1_15' title='bbox 1041 556 1070 620; x_wconf 91' lang='lat' dir='ltr'>ei</span> <span class='ocrx_word' id='word_1_16' title='bbox 1085 555 1261 637; x_wconf 87' lang='lat' dir='ltr'>Pompeius</span> <span class='ocrx_word' id='word_1_17' title='bbox 1276 555 1401 636; x_wconf 86' lang='lat' dir='ltr'>gratias</span> 
     </span>
     <span class='ocr_line' id='line_1_3' title="bbox 200 660 1431 749; baseline -0.009 -19"><span class='ocrx_word' id='word_1_18' title='bbox 200 677 322 749; x_wconf 85' lang='lat' dir='ltr'>egerat.</span> <span class='ocrx_word' id='word_1_19' title='bbox 354 665 565 729; x_wconf 86' lang='lat' dir='ltr'>Introductus</span> <span class='ocrx_word' id='word_1_20' title='bbox 578 664 677 728; x_wconf 92' lang='lat' dir='ltr'>Curio</span> <span class='ocrx_word' id='word_1_21' title='bbox 693 663 778 726; x_wconf 90' lang='lat' dir='ltr'>filius</span> <span class='ocrx_word' id='word_1_22' title='bbox 793 663 880 725; x_wconf 87' lang='lat' dir='ltr'>dixit</span> <span class='ocrx_word' id='word_1_23' title='bbox 894 664 938 725; x_wconf 92' lang='lat' dir='ltr'>ad</span> <span class='ocrx_word' id='word_1_24' title='bbox 954 683 1002 734; x_wconf 86' lang='lat' dir='ltr'>ea,</span> <span class='ocrx_word' id='word_1_25' title='bbox 1018 681 1104 742; x_wconf 91' lang='lat' dir='ltr'>quae</span> <span class='ocrx_word' id='word_1_26' title='bbox 1113 660 1245 723; x_wconf 90' lang='lat' dir='ltr'>Vettius</span> <span class='ocrx_word' id='word_1_27' title='bbox 1259 660 1400 736; x_wconf 89' lang='lat' dir='ltr'>dixerat,</span> <span class='ocrx_word' id='word_1_28' title='bbox 1413 674 1431 719; x_wconf 83' lang='lat' dir='ltr'>s</span> 
     </span>
     <span class='ocr_line' id='line_1_4' title="bbox 199 763 1400 851; baseline -0.004 -18"><span class='ocrx_word' id='word_1_29' title='bbox 199 771 415 851; x_wconf 85' lang='lat' dir='ltr'>maximeque</span> <span class='ocrx_word' id='word_1_30' title='bbox 444 770 478 832; x_wconf 90' lang='lat' dir='ltr'>in</span> <span class='ocrx_word' id='word_1_31' title='bbox 510 789 550 832; x_wconf 89' lang='lat' dir='ltr'>eo</span> <span class='ocrx_word' id='word_1_32' title='bbox 580 778 652 832; x_wconf 94' lang='lat' dir='ltr'>tum</span> <span class='ocrx_word' id='word_1_33' title='bbox 675 768 809 850; x_wconf 92' lang='lat' dir='ltr'>quidem</span> <span class='ocrx_word' id='word_1_34' title='bbox 832 766 964 829; x_wconf 93' lang='lat' dir='ltr'>Vettius</span> <span class='ocrx_word' id='word_1_35' title='bbox 991 775 1041 829; x_wconf 87' lang='lat' dir='ltr'>est</span> <span class='ocrx_word' id='word_1_36' title='bbox 1064 763 1287 847; x_wconf 89' lang='lat' dir='ltr'>reprehensus,</span> <span class='ocrx_word' id='word_1_37' title='bbox 1308 767 1400 845; x_wconf 94' lang='lat' dir='ltr'>quod</span> 
     </span>
     <span class='ocr_line' id='line_1_5' title="bbox 200 863 1401 955; baseline -0.004 -18"><span class='ocrx_word' id='word_1_38' title='bbox 200 876 332 937; x_wconf 88' lang='lat' dir='ltr'>dixerat</span> <span class='ocrx_word' id='word_1_39' title='bbox 353 873 614 937; x_wconf 88' lang='lat' dir='ltr'>adulescentium</span> <span class='ocrx_word' id='word_1_40' title='bbox 638 871 819 948; x_wconf 89' lang='lat' dir='ltr'>consilium,</span> <span class='ocrx_word' id='word_1_41' title='bbox 839 881 876 933; x_wconf 93' lang='lat' dir='ltr'>ut</span> <span class='ocrx_word' id='word_1_42' title='bbox 897 871 930 932; x_wconf 91' lang='lat' dir='ltr'>in</span> <span class='ocrx_word' id='word_1_43' title='bbox 951 868 1023 931; x_wconf 89' lang='lat' dir='ltr'>loro</span> <span class='ocrx_word' id='word_1_44' title='bbox 1040 863 1145 955; x_wconf 92' lang='lat' dir='ltr'>[cum]</span> <span class='ocrx_word' id='word_1_45' title='bbox 1162 867 1401 949; x_wconf 87' lang='lat' dir='ltr'>gladiatoribus</span> 
     </span>
     <span class='ocr_line' id='line_1_6' title="bbox 171 972 1401 1058; baseline -0.002 -17"><span class='ocrx_word' id='word_1_46' title='bbox 171 975 334 1057; x_wconf 83' lang='lat' dir='ltr'>5Gabinii</span> <span class='ocrx_word' id='word_1_47' title='bbox 356 976 551 1058; x_wconf 90' lang='lat' dir='ltr'>Pompeium</span> <span class='ocrx_word' id='word_1_48' title='bbox 573 975 787 1052; x_wconf 88' lang='lat' dir='ltr'>adorirentur,</span> <span class='ocrx_word' id='word_1_49' title='bbox 807 975 841 1036; x_wconf 92' lang='lat' dir='ltr'>in</span> <span class='ocrx_word' id='word_1_50' title='bbox 865 994 905 1036; x_wconf 94' lang='lat' dir='ltr'>eo</span> <span class='ocrx_word' id='word_1_51' title='bbox 928 973 1107 1056; x_wconf 88' lang='lat' dir='ltr'>principem</span> <span class='ocrx_word' id='word_1_52' title='bbox 1132 972 1270 1034; x_wconf 91' lang='lat' dir='ltr'>Paulum</span> <span class='ocrx_word' id='word_1_53' title='bbox 1294 972 1401 1051; x_wconf 85' lang='lat' dir='ltr'>luisse,</span> 
     </span>
     <span class='ocr_line' id='line_1_7' title="bbox 198 1076 1401 1162; baseline -0.002 -19"><span class='ocrx_word' id='word_1_54' title='bbox 198 1101 298 1162; x_wconf 92' lang='lat' dir='ltr'>quem</span> <span class='ocrx_word' id='word_1_55' title='bbox 321 1081 496 1143; x_wconf 89' lang='lat' dir='ltr'>constabat</span> <span class='ocrx_word' id='word_1_56' title='bbox 520 1100 561 1143; x_wconf 89' lang='lat' dir='ltr'>eo</span> <span class='ocrx_word' id='word_1_57' title='bbox 583 1088 736 1162; x_wconf 91' lang='lat' dir='ltr'>tempore</span> <span class='ocrx_word' id='word_1_58' title='bbox 759 1079 792 1140; x_wconf 91' lang='lat' dir='ltr'>in</span> <span class='ocrx_word' id='word_1_59' title='bbox 816 1076 1014 1140; x_wconf 89' lang='lat' dir='ltr'>Macedonia</span> <span class='ocrx_word' id='word_1_60' title='bbox 1038 1076 1142 1140; x_wconf 82' lang='lat' dir='ltr'>fuisse</span> <span class='ocrx_word' id='word_1_61' title='bbox 1189 1076 1244 1138; x_wconf 90' lang='lat' dir='ltr'>Fit</span> <span class='ocrx_word' id='word_1_62' title='bbox 1266 1088 1401 1140; x_wconf 89' lang='lat' dir='ltr'>senatus</span> 
     </span>
     <span class='ocr_line' id='line_1_8' title="bbox 198 1180 1401 1264; baseline -0.002 -17"><span class='ocrx_word' id='word_1_63' title='bbox 198 1184 394 1257; x_wconf 88' lang='lat' dir='ltr'>consultum,</span> <span class='ocrx_word' id='word_1_64' title='bbox 417 1194 454 1247; x_wconf 92' lang='lat' dir='ltr'>ut</span> <span class='ocrx_word' id='word_1_65' title='bbox 478 1183 620 1260; x_wconf 90' lang='lat' dir='ltr'>Vettius,</span> <span class='ocrx_word' id='word_1_66' title='bbox 643 1182 733 1264; x_wconf 94' lang='lat' dir='ltr'>quod</span> <span class='ocrx_word' id='word_1_67' title='bbox 758 1181 923 1244; x_wconf 88' lang='lat' dir='ltr'>consessus</span> <span class='ocrx_word' id='word_1_68' title='bbox 945 1191 1032 1244; x_wconf 92' lang='lat' dir='ltr'>esset</span> <span class='ocrx_word' id='word_1_69' title='bbox 1054 1201 1090 1243; x_wconf 92' lang='lat' dir='ltr'>se</span> <span class='ocrx_word' id='word_1_70' title='bbox 1112 1200 1187 1242; x_wconf 93' lang='lat' dir='ltr'>cum</span> <span class='ocrx_word' id='word_1_71' title='bbox 1211 1180 1279 1244; x_wconf 90' lang='lat' dir='ltr'>telo</span> <span class='ocrx_word' id='word_1_72' title='bbox 1301 1181 1401 1244; x_wconf 88' lang='lat' dir='ltr'>luisse</span> 
     </span>
     <span class='ocr_line' id='line_1_9' title="bbox 199 1284 1399 1368; baseline -0.003 -18"><span class='ocrx_word' id='word_1_73' title='bbox 199 1289 233 1350; x_wconf 92' lang='lat' dir='ltr'>in</span> <span class='ocrx_word' id='word_1_74' title='bbox 262 1287 391 1352; x_wconf 91' lang='lat' dir='ltr'>vincula</span> <span class='ocrx_word' id='word_1_75' title='bbox 421 1287 655 1363; x_wconf 82' lang='lat' dir='ltr'>coniiceretur3</span> <span class='ocrx_word' id='word_1_76' title='bbox 685 1286 742 1368; x_wconf 93' lang='lat' dir='ltr'>qui</span> <span class='ocrx_word' id='word_1_77' title='bbox 773 1305 848 1348; x_wconf 91' lang='lat' dir='ltr'>eum</span> <span class='ocrx_word' id='word_1_78' title='bbox 879 1284 1051 1360; x_wconf 85' lang='lat' dir='ltr'>emisisset,</span> <span class='ocrx_word' id='word_1_79' title='bbox 1082 1304 1157 1347; x_wconf 89' lang='lat' dir='ltr'>eum</span> <span class='ocrx_word' id='word_1_80' title='bbox 1187 1294 1301 1347; x_wconf 91' lang='lat' dir='ltr'>contra</span> <span class='ocrx_word' id='word_1_81' title='bbox 1331 1306 1399 1348; x_wconf 91' lang='lat' dir='ltr'>rem</span> 
     </span>
     <span class='ocr_line' id='line_1_10' title="bbox 199 1388 1400 1472; baseline -0.001 -18"><span class='ocrx_word' id='word_1_82' title='bbox 199 1391 365 1472; x_wconf 90' lang='lat' dir='ltr'>publicam</span> <span class='ocrx_word' id='word_1_83' title='bbox 389 1412 460 1454; x_wconf 89' lang='lat' dir='ltr'>esse</span> <span class='ocrx_word' id='word_1_84' title='bbox 482 1389 655 1454; x_wconf 84' lang='lat' dir='ltr'>iacturum.</span> <span class='ocrx_word' id='word_1_85' title='bbox 703 1389 772 1451; x_wconf 88' lang='lat' dir='ltr'>Res</span> <span class='ocrx_word' id='word_1_86' title='bbox 789 1397 858 1451; x_wconf 89' lang='lat' dir='ltr'>erat</span> <span class='ocrx_word' id='word_1_87' title='bbox 880 1390 914 1452; x_wconf 88' lang='lat' dir='ltr'>in</span> <span class='ocrx_word' id='word_1_88' title='bbox 937 1409 976 1451; x_wconf 91' lang='lat' dir='ltr'>ea</span> <span class='ocrx_word' id='word_1_89' title='bbox 999 1388 1163 1469; x_wconf 91' lang='lat' dir='ltr'>opinione,</span> <span class='ocrx_word' id='word_1_90' title='bbox 1186 1398 1223 1450; x_wconf 93' lang='lat' dir='ltr'>ut</span> <span class='ocrx_word' id='word_1_91' title='bbox 1245 1400 1400 1470; x_wconf 89' lang='lat' dir='ltr'>putarent</span> 
     </span>
     <span class='ocr_line' id='line_1_11' title="bbox 155 1491 1399 1574; baseline -0.002 -15"><span class='ocrx_word' id='word_1_92' title='bbox 155 1524 186 1559; x_wconf 82' lang='grc' dir='ltr'><strong>1ο</strong></span> <span class='ocrx_word' id='word_1_93' title='bbox 199 1495 233 1558; x_wconf 94' lang='lat' dir='ltr'>id</span> <span class='ocrx_word' id='word_1_94' title='bbox 258 1516 330 1559; x_wconf 90' lang='lat' dir='ltr'>esse</span> <span class='ocrx_word' id='word_1_95' title='bbox 361 1504 483 1568; x_wconf 89' lang='lat' dir='ltr'>actum,</span> <span class='ocrx_word' id='word_1_96' title='bbox 506 1504 544 1557; x_wconf 94' lang='lat' dir='ltr'>ut</span> <span class='ocrx_word' id='word_1_97' title='bbox 565 1492 700 1557; x_wconf 89' lang='lat' dir='ltr'>Vettius</span> <span class='ocrx_word' id='word_1_98' title='bbox 722 1493 756 1554; x_wconf 94' lang='lat' dir='ltr'>in</span> <span class='ocrx_word' id='word_1_99' title='bbox 779 1491 850 1554; x_wconf 87' lang='lat' dir='ltr'>soro</span> <span class='ocrx_word' id='word_1_100' title='bbox 873 1512 948 1555; x_wconf 92' lang='lat' dir='ltr'>cum</span> <span class='ocrx_word' id='word_1_101' title='bbox 972 1492 1117 1574; x_wconf 90' lang='lat' dir='ltr'>pugione</span> <span class='ocrx_word' id='word_1_102' title='bbox 1147 1500 1180 1553; x_wconf 89' lang='lat' dir='ltr'>et</span> <span class='ocrx_word' id='word_1_103' title='bbox 1203 1493 1283 1554; x_wconf 91' lang='lat' dir='ltr'>item</span> <span class='ocrx_word' id='word_1_104' title='bbox 1314 1495 1399 1556; x_wconf 84' lang='lat' dir='ltr'>servi</span> 
     </span>
     <span class='ocr_line' id='line_1_12' title="bbox 199 1594 1400 1680; baseline -0.001 -20"><span class='ocrx_word' id='word_1_105' title='bbox 199 1599 270 1661; x_wconf 91' lang='lat' dir='ltr'>eius</span> <span class='ocrx_word' id='word_1_106' title='bbox 292 1597 649 1680; x_wconf 87' lang='lat' dir='ltr'>comprehenderentur</span> <span class='ocrx_word' id='word_1_107' title='bbox 677 1616 753 1660; x_wconf 90' lang='lat' dir='ltr'>cum</span> <span class='ocrx_word' id='word_1_108' title='bbox 776 1595 859 1672; x_wconf 91' lang='lat' dir='ltr'>telis,</span> <span class='ocrx_word' id='word_1_109' title='bbox 882 1597 1002 1658; x_wconf 91' lang='lat' dir='ltr'>deinde</span> <span class='ocrx_word' id='word_1_110' title='bbox 1024 1594 1080 1658; x_wconf 91' lang='lat' dir='ltr'>ille</span> <span class='ocrx_word' id='word_1_111' title='bbox 1111 1614 1147 1656; x_wconf 91' lang='lat' dir='ltr'>se</span> <span class='ocrx_word' id='word_1_112' title='bbox 1169 1595 1292 1659; x_wconf 90' lang='lat' dir='ltr'>diceret</span> <span class='ocrx_word' id='word_1_113' title='bbox 1314 1597 1400 1659; x_wconf 92' lang='lat' dir='ltr'>iudi·</span> 
     </span>
     <span class='ocr_line' id='line_1_13' title="bbox 198 1698 1399 1783; baseline 0 -19"><span class='ocrx_word' id='word_1_114' title='bbox 198 1711 358 1776; x_wconf 85' lang='lat' dir='ltr'>caturum,</span> <span class='ocrx_word' id='word_1_115' title='bbox 381 1701 483 1783; x_wconf 89' lang='lat' dir='ltr'>idque</span> <span class='ocrx_word' id='word_1_116' title='bbox 513 1702 560 1764; x_wconf 89' lang='lat' dir='ltr'>ita</span> <span class='ocrx_word' id='word_1_117' title='bbox 583 1700 706 1763; x_wconf 89' lang='lat' dir='ltr'>factum</span> <span class='ocrx_word' id='word_1_118' title='bbox 741 1709 838 1774; x_wconf 90' lang='lat' dir='ltr'>esset,</span> <span class='ocrx_word' id='word_1_119' title='bbox 862 1700 925 1762; x_wconf 90' lang='lat' dir='ltr'>nisi</span> <span class='ocrx_word' id='word_1_120' title='bbox 950 1698 1110 1762; x_wconf 90' lang='lat' dir='ltr'>Curiones</span> <span class='ocrx_word' id='word_1_121' title='bbox 1144 1719 1213 1761; x_wconf 90' lang='lat' dir='ltr'>rem</span> <span class='ocrx_word' id='word_1_122' title='bbox 1246 1708 1325 1763; x_wconf 89' lang='lat' dir='ltr'>ante</span> <span class='ocrx_word' id='word_1_123' title='bbox 1356 1701 1399 1764; x_wconf 92' lang='lat' dir='ltr'>ad</span> 
     </span>
     <span class='ocr_line' id='line_1_14' title="bbox 199 1802 1400 1887; baseline 0 -21"><span class='ocrx_word' id='word_1_124' title='bbox 199 1804 395 1887; x_wconf 91' lang='lat' dir='ltr'>Pompeium</span> <span class='ocrx_word' id='word_1_125' title='bbox 419 1803 623 1868; x_wconf 87' lang='lat' dir='ltr'>detulissent.</span> <span class='ocrx_word' id='word_1_126' title='bbox 677 1803 766 1867; x_wconf 89' lang='lat' dir='ltr'>Tum</span> <span class='ocrx_word' id='word_1_127' title='bbox 797 1814 931 1867; x_wconf 89' lang='lat' dir='ltr'>senatus</span> <span class='ocrx_word' id='word_1_128' title='bbox 961 1802 1149 1866; x_wconf 88' lang='lat' dir='ltr'>consultum</span> <span class='ocrx_word' id='word_1_129' title='bbox 1171 1803 1215 1865; x_wconf 88' lang='lat' dir='ltr'>-in</span> <span class='ocrx_word' id='word_1_130' title='bbox 1243 1803 1400 1867; x_wconf 90' lang='lat' dir='ltr'>contione</span> 
     </span>
     <span class='ocr_line' id='line_1_15' title="bbox 198 1906 1401 1990; baseline 0.001 -20"><span class='ocrx_word' id='word_1_131' title='bbox 198 1908 372 1972; x_wconf 88' lang='lat' dir='ltr'>recitatum</span> <span class='ocrx_word' id='word_1_132' title='bbox 395 1919 455 1972; x_wconf 72' lang='lat' dir='ltr'>ost.</span> <span class='ocrx_word' id='word_1_133' title='bbox 502 1907 639 1972; x_wconf 91' lang='lat' dir='ltr'>Postero</span> <span class='ocrx_word' id='word_1_134' title='bbox 663 1919 774 1972; x_wconf 89' lang='lat' dir='ltr'>autem</span> <span class='ocrx_word' id='word_1_135' title='bbox 798 1908 853 1970; x_wconf 91' lang='lat' dir='ltr'>die</span> <span class='ocrx_word' id='word_1_136' title='bbox 876 1906 1006 1981; x_wconf 90' lang='lat' dir='ltr'>Caesar,</span> <span class='ocrx_word' id='word_1_137' title='bbox 1027 1907 1063 1984; x_wconf 91' lang='lat' dir='ltr'>is,</span> <span class='ocrx_word' id='word_1_138' title='bbox 1082 1907 1140 1988; x_wconf 93' lang='lat' dir='ltr'>qui</span> <span class='ocrx_word' id='word_1_139' title='bbox 1158 1906 1249 1981; x_wconf 92' lang='lat' dir='ltr'>olim,</span> <span class='ocrx_word' id='word_1_140' title='bbox 1267 1917 1401 1990; x_wconf 89' lang='lat' dir='ltr'>praetor</span> 
     </span>
     <span class='ocr_line' id='line_1_16' title="bbox 154 2009 1398 2092; baseline -0.002 -17"><span class='ocrx_word' id='word_1_141' title='bbox 154 2038 184 2090; x_wconf 83' lang='lat'>¹5</span> <span class='ocrx_word' id='word_1_142' title='bbox 198 2030 273 2073; x_wconf 90' lang='lat' dir='ltr'>cum</span> <span class='ocrx_word' id='word_1_143' title='bbox 290 2020 384 2088; x_wconf 87' lang='lat' dir='ltr'>esset,</span> <span class='ocrx_word' id='word_1_144' title='bbox 401 2010 447 2092; x_wconf 84' lang='lat' dir='ltr'>Q.</span> <span class='ocrx_word' id='word_1_145' title='bbox 463 2010 620 2075; x_wconf 89' lang='lat' dir='ltr'>Catulum</span> <span class='ocrx_word' id='word_1_146' title='bbox 642 2033 687 2075; x_wconf 91' lang='lat' dir='ltr'>ex</span> <span class='ocrx_word' id='word_1_147' title='bbox 705 2010 857 2074; x_wconf 82' lang='lat' dir='ltr'>inferiore</span> <span class='ocrx_word' id='word_1_148' title='bbox 873 2009 947 2074; x_wconf 91' lang='lat' dir='ltr'>loco</span> <span class='ocrx_word' id='word_1_149' title='bbox 963 2011 1100 2073; x_wconf 89' lang='lat' dir='ltr'>iusserat</span> <span class='ocrx_word' id='word_1_150' title='bbox 1115 2010 1232 2086; x_wconf 90' lang='lat' dir='ltr'>dicere,</span> <span class='ocrx_word' id='word_1_151' title='bbox 1246 2009 1398 2075; x_wconf 91' lang='lat' dir='ltr'>Vettium</span> 
     </span>
     <span class='ocr_line' id='line_1_17' title="bbox 198 2113 1398 2197; baseline 0.001 -22"><span class='ocrx_word' id='word_1_152' title='bbox 198 2115 232 2176; x_wconf 93' lang='lat' dir='ltr'>in</span> <span class='ocrx_word' id='word_1_153' title='bbox 245 2124 351 2178; x_wconf 88' lang='lat' dir='ltr'>rostra</span> <span class='ocrx_word' id='word_1_154' title='bbox 363 2115 523 2197; x_wconf 90' lang='lat' dir='ltr'>produxit</span> <span class='ocrx_word' id='word_1_155' title='bbox 534 2135 677 2196; x_wconf 91' lang='lat' dir='ltr'>eumque</span> <span class='ocrx_word' id='word_1_156' title='bbox 689 2115 721 2177; x_wconf 88' lang='lat' dir='ltr'>in</span> <span class='ocrx_word' id='word_1_157' title='bbox 734 2137 774 2178; x_wconf 91' lang='lat' dir='ltr'>eo</span> <span class='ocrx_word' id='word_1_158' title='bbox 786 2115 859 2178; x_wconf 93' lang='lat' dir='ltr'>loco</span> <span class='ocrx_word' id='word_1_159' title='bbox 871 2115 1050 2188; x_wconf 87' lang='lat' dir='ltr'>constituit,</span> <span class='ocrx_word' id='word_1_160' title='bbox 1060 2135 1128 2196; x_wconf 93' lang='lat' dir='ltr'>quo</span> <span class='ocrx_word' id='word_1_161' title='bbox 1141 2113 1261 2176; x_wconf 92' lang='lat' dir='ltr'>Bibulo</span> <span class='ocrx_word' id='word_1_162' title='bbox 1272 2114 1398 2178; x_wconf 89' lang='lat' dir='ltr'>consuli</span> 
     </span>
     <span class='ocr_line' id='line_1_18' title="bbox 198 2217 1400 2299; baseline -0.002 -17"><span class='ocrx_word' id='word_1_163' title='bbox 198 2218 345 2299; x_wconf 89' lang='lat' dir='ltr'>aspirare</span> <span class='ocrx_word' id='word_1_164' title='bbox 364 2238 430 2282; x_wconf 88' lang='lat' dir='ltr'>nou</span> <span class='ocrx_word' id='word_1_165' title='bbox 446 2217 567 2282; x_wconf 89' lang='lat' dir='ltr'>liceret.</span> <span class='ocrx_word' id='word_1_166' title='bbox 614 2218 681 2282; x_wconf 91' lang='lat' dir='ltr'>Hic</span> <span class='ocrx_word' id='word_1_167' title='bbox 695 2217 750 2282; x_wconf 92' lang='lat' dir='ltr'>ille</span> <span class='ocrx_word' id='word_1_168' title='bbox 771 2218 891 2295; x_wconf 91' lang='lat' dir='ltr'>omnia,</span> <span class='ocrx_word' id='word_1_169' title='bbox 909 2237 995 2299; x_wconf 89' lang='lat' dir='ltr'>quae</span> <span class='ocrx_word' id='word_1_170' title='bbox 1014 2217 1129 2292; x_wconf 89' lang='lat' dir='ltr'>voluit,</span> <span class='ocrx_word' id='word_1_171' title='bbox 1148 2218 1191 2280; x_wconf 91' lang='lat' dir='ltr'>de</span> <span class='ocrx_word' id='word_1_172' title='bbox 1210 2238 1245 2280; x_wconf 91' lang='lat' dir='ltr'>re</span> <span class='ocrx_word' id='word_1_173' title='bbox 1264 2217 1400 2298; x_wconf 93' lang='lat' dir='ltr'>publica</span> 
     </span>
     <span class='ocr_line' id='line_1_19' title="bbox 198 2319 1398 2404; baseline 0.001 -20"><span class='ocrx_word' id='word_1_174' title='bbox 198 2321 294 2400; x_wconf 91' lang='lat' dir='ltr'>dixit,</span> <span class='ocrx_word' id='word_1_175' title='bbox 317 2331 353 2385; x_wconf 92' lang='lat' dir='ltr'>ut</span> <span class='ocrx_word' id='word_1_176' title='bbox 375 2322 431 2403; x_wconf 93' lang='lat' dir='ltr'>qui</span> <span class='ocrx_word' id='word_1_177' title='bbox 455 2320 531 2384; x_wconf 90' lang='lat' dir='ltr'>illuc</span> <span class='ocrx_word' id='word_1_178' title='bbox 553 2321 661 2387; x_wconf 83' lang='lat' dir='ltr'>lactus</span> <span class='ocrx_word' id='word_1_179' title='bbox 684 2323 920 2404; x_wconf 88' lang='lat' dir='ltr'>institutusque</span> <span class='ocrx_word' id='word_1_180' title='bbox 941 2321 1094 2386; x_wconf 89' lang='lat' dir='ltr'>venisset.</span> <span class='ocrx_word' id='word_1_181' title='bbox 1149 2320 1294 2383; x_wconf 90' lang='lat' dir='ltr'>Primum</span> <span class='ocrx_word' id='word_1_182' title='bbox 1314 2319 1398 2385; x_wconf 89' lang='lat' dir='ltr'>Cae·</span> 
     </span>
    </p>
   </div>
   <div class='ocr_carea' id='block_1_3' title="bbox 195 2506 1400 2834">
    <p class='ocr_par' dir='ltr' id='par_1_3' title="bbox 195 2506 1400 2769">
     <span class='ocr_line' id='line_1_20' title="bbox 231 2506 1400 2573; baseline 0.004 -19"><span class='ocrx_word' id='word_1_183' title='bbox 231 2520 253 2556; x_wconf 86' lang='lat'>1.</span> <span class='ocrx_word' id='word_1_184' title='bbox 272 2509 428 2568; x_wconf 79' lang='lat' dir='ltr'>Inquo‚·in</span> <span class='ocrx_word' id='word_1_185' title='bbox 439 2507 522 2558; x_wconf 86' lang='lat' dir='ltr'>which</span> <span class='ocrx_word' id='word_1_186' title='bbox 533 2510 638 2558; x_wconf 71' lang='lat' dir='ltr'>matter!</span> <span class='ocrx_word' id='word_1_187' title='bbox 667 2509 773 2560; x_wconf 87' lang='lat' dir='ltr'>Forcell.</span> <span class='ocrx_word' id='word_1_188' title='bbox 824 2507 913 2573; x_wconf 86' lang='lat' dir='ltr'>appeal</span> <span class='ocrx_word' id='word_1_189' title='bbox 930 2516 958 2558; x_wconf 91' lang='lat' dir='ltr'>to</span> <span class='ocrx_word' id='word_1_190' title='bbox 974 2507 1137 2557; x_wconf 78' lang='lat' dir='ltr'>thetribunes</span> <span class='ocrx_word' id='word_1_191' title='bbox 1151 2523 1184 2556; x_wconf 91' lang='lat' dir='ltr'>ou</span> <span class='ocrx_word' id='word_1_192' title='bbox 1200 2506 1289 2556; x_wconf 85' lang='lat' dir='ltr'>bebull</span> <span class='ocrx_word' id='word_1_193' title='bbox 1300 2507 1331 2556; x_wconf 87' lang='lat' dir='ltr'>ol</span> <span class='ocrx_word' id='word_1_194' title='bbox 1339 2507 1400 2558; x_wconf 88' lang='lat' dir='ltr'>Vet-</span> 
     </span>
     <span class='ocr_line' id='line_1_21' title="bbox 195 2571 1399 2639; baseline 0.002 -19"><span class='ocrx_word' id='word_1_195' title='bbox 195 2572 310 2636; x_wconf 82' lang='lat' dir='ltr'>explaius</span> <span class='ocrx_word' id='word_1_196' title='bbox 327 2571 384 2622; x_wconf 88' lang='lat' dir='ltr'>‘in’</span> <span class='ocrx_word' id='word_1_197' title='bbox 401 2574 426 2622; x_wconf 93' lang='lat' dir='ltr'>in</span> <span class='ocrx_word' id='word_1_198' title='bbox 442 2574 491 2623; x_wconf 89' lang='lat' dir='ltr'>this</span> <span class='ocrx_word' id='word_1_199' title='bbox 505 2590 574 2625; x_wconf 86' lang='lat' dir='ltr'>sense</span> <span class='ocrx_word' id='word_1_200' title='bbox 589 2591 618 2624; x_wconf 89' lang='lat' dir='ltr'>as</span> <span class='ocrx_word' id='word_1_201' title='bbox 633 2576 773 2639; x_wconf 84' lang='lat' dir='ltr'>equivaleut</span> <span class='ocrx_word' id='word_1_202' title='bbox 825 2576 883 2623; x_wconf 91' lang='lat' dir='ltr'>tius.</span> <span class='ocrx_word' id='word_1_203' title='bbox 918 2574 966 2638; x_wconf 91' lang='lat' dir='ltr'>Cp.</span> <span class='ocrx_word' id='word_1_204' title='bbox 983 2572 1095 2623; x_wconf 78' lang='lat' dir='ltr'>Caesar&#39;s</span> <span class='ocrx_word' id='word_1_205' title='bbox 1111 2573 1237 2638; x_wconf 86' lang='lat' dir='ltr'>propossl,</span> <span class='ocrx_word' id='word_1_206' title='bbox 1257 2574 1352 2637; x_wconf 83' lang='lat' dir='ltr'>quoted</span> <span class='ocrx_word' id='word_1_207' title='bbox 1369 2574 1399 2622; x_wconf 92' lang='lat' dir='ltr'>In</span> 
     </span>
     <span class='ocr_line' id='line_1_22' title="bbox 196 2637 1172 2706; baseline 0.003 -21"><span class='ocrx_word' id='word_1_208' title='bbox 196 2645 223 2686; x_wconf 92' lang='lat' dir='ltr'>to</span> <span class='ocrx_word' id='word_1_209' title='bbox 236 2637 319 2702; x_wconf 88' lang='lat' dir='ltr'>‘quod</span> <span class='ocrx_word' id='word_1_210' title='bbox 329 2641 418 2689; x_wconf 81' lang='lat' dir='ltr'>attinet</span> <span class='ocrx_word' id='word_1_211' title='bbox 429 2638 477 2689; x_wconf 79' lang='lat' dir='ltr'>ad&#39;</span> <span class='ocrx_word' id='word_1_212' title='bbox 512 2641 560 2705; x_wconf 90' lang='lat' dir='ltr'>Cp.</span> <span class='ocrx_word' id='word_1_213' title='bbox 572 2641 621 2704; x_wconf 89' lang='lat' dir='ltr'>Ep.</span> <span class='ocrx_word' id='word_1_214' title='bbox 633 2655 656 2706; x_wconf 89' lang='lat'>9,</span> <span class='ocrx_word' id='word_1_215' title='bbox 670 2655 692 2703; x_wconf 83' lang='lat'>5,</span> <span class='ocrx_word' id='word_1_216' title='bbox 705 2649 771 2702; x_wconf 90' lang='lat' dir='ltr'>note,</span> <span class='ocrx_word' id='word_1_217' title='bbox 824 2640 880 2689; x_wconf 89' lang='lat' dir='ltr'>Cat.</span> <span class='ocrx_word' id='word_1_218' title='bbox 892 2655 915 2702; x_wconf 77' lang='lat'>4</span> <span class='ocrx_word' id='word_1_219' title='bbox 928 2656 953 2704; x_wconf 87' lang='grc'>4,</span> <span class='ocrx_word' id='word_1_220' title='bbox 964 2640 988 2695; x_wconf 91' lang='lat'>8,</span> <span class='ocrx_word' id='word_1_221' title='bbox 1000 2639 1050 2687; x_wconf 84' lang='lat' dir='ltr'>and</span> <span class='ocrx_word' id='word_1_222' title='bbox 1061 2654 1085 2702; x_wconf 88' lang='grc'>4.</span> <span class='ocrx_word' id='word_1_223' title='bbox 1097 2653 1120 2701; x_wconf 82' lang='lat'>5,</span> <span class='ocrx_word' id='word_1_224' title='bbox 1135 2652 1172 2688; x_wconf 78' lang='grc' dir='ltr'>ιο.</span> 
     </span>
     <span class='ocr_line' id='line_1_23' title="bbox 195 2703 1399 2769; baseline 0.002 -18"><span class='ocrx_word' id='word_1_225' title='bbox 195 2718 229 2751; x_wconf 91' lang='lat' dir='ltr'>on</span> <span class='ocrx_word' id='word_1_226' title='bbox 240 2720 266 2768; x_wconf 89' lang='lat' dir='ltr'>p.</span> <span class='ocrx_word' id='word_1_227' title='bbox 277 2703 317 2753; x_wconf 89' lang='grc'>68.</span> <span class='ocrx_word' id='word_1_228' title='bbox 858 2720 882 2769; x_wconf 86' lang='grc'>9,</span> <span class='ocrx_word' id='word_1_229' title='bbox 900 2708 956 2754; x_wconf 82' lang='lat' dir='ltr'>Ros</span> <span class='ocrx_word' id='word_1_230' title='bbox 969 2711 1030 2753; x_wconf 76' lang='lat' dir='ltr'>east</span> <span class='ocrx_word' id='word_1_231' title='bbox 1041 2742 1047 2754; x_wconf 95' lang='lat'>.</span> <span class='ocrx_word' id='word_1_232' title='bbox 1060 2740 1066 2751; x_wconf 97' lang='lat'>.</span> <span class='ocrx_word' id='word_1_233' title='bbox 1079 2711 1222 2766; x_wconf 76' lang='lat' dir='ltr'>putarent,</span> <span class='ocrx_word' id='word_1_234' title='bbox 1236 2704 1399 2769; x_wconf 84' lang='lat' dir='ltr'>‘thegeneral</span> 
     </span>
    </p>

    <p class='ocr_par' dir='ltr' id='par_1_4' title="bbox 230 2770 1400 2834">
     <span class='ocr_line' id='line_1_24' title="bbox 230 2770 1400 2834; baseline 0.003 -18"><span class='ocrx_word' id='word_1_235' title='bbox 230 2782 252 2816; x_wconf 83' lang='lat'>2.</span> <span class='ocrx_word' id='word_1_236' title='bbox 269 2773 317 2818; x_wconf 79' lang='lat' dir='ltr'>Ad</span> <span class='ocrx_word' id='word_1_237' title='bbox 333 2785 367 2820; x_wconf 80' lang='lat' dir='ltr'>aa</span> <span class='ocrx_word' id='word_1_238' title='bbox 385 2807 391 2819; x_wconf 91' lang='lat'>.</span> <span class='ocrx_word' id='word_1_239' title='bbox 409 2807 416 2819; x_wconf 90' lang='lat'>.</span> <span class='ocrx_word' id='word_1_240' title='bbox 433 2773 553 2829; x_wconf 78' lang='lat' dir='ltr'>dlxsrat,</span> <span class='ocrx_word' id='word_1_241' title='bbox 572 2773 613 2820; x_wconf 89' lang='lat' dir='ltr'>‘iu</span> <span class='ocrx_word' id='word_1_242' title='bbox 634 2787 729 2821; x_wconf 83' lang='lat' dir='ltr'>auswer</span> <span class='ocrx_word' id='word_1_243' title='bbox 745 2780 772 2821; x_wconf 91' lang='lat' dir='ltr'>to</span> <span class='ocrx_word' id='word_1_244' title='bbox 824 2771 969 2834; x_wconf 87' lang='lat' dir='ltr'>impression</span> <span class='ocrx_word' id='word_1_245' title='bbox 980 2771 1057 2819; x_wconf 87' lang='lat' dir='ltr'>about</span> <span class='ocrx_word' id='word_1_246' title='bbox 1072 2770 1115 2819; x_wconf 90' lang='lat' dir='ltr'>the</span> <span class='ocrx_word' id='word_1_247' title='bbox 1126 2784 1271 2819; x_wconf 84' lang='lat' dir='ltr'>occurrence</span> <span class='ocrx_word' id='word_1_248' title='bbox 1282 2786 1333 2819; x_wconf 83' lang='lat' dir='ltr'>was</span> <span class='ocrx_word' id='word_1_249' title='bbox 1345 2771 1400 2820; x_wconf 87' lang='lat' dir='ltr'>that</span> 
     </span>
    </p>
   </div>
   <div class='ocr_carea' id='block_1_4' title="bbox 195 2833 1400 2949">
    <p class='ocr_par' dir='ltr' id='par_1_5' title="bbox 195 2833 1400 2949">
     <span class='ocr_line' id='line_1_25' title="bbox 195 2833 1400 2949; baseline 0.005 -67"><span class='ocrx_word' id='word_1_250' title='bbox 195 2834 238 2883; x_wconf 90' lang='lat' dir='ltr'>the</span> <span class='ocrx_word' id='word_1_251' title='bbox 249 2835 351 2899; x_wconf 75' lang='lat' dir='ltr'>charges</span> <span class='ocrx_word' id='word_1_252' title='bbox 362 2835 391 2884; x_wconf 87' lang='lat' dir='ltr'>ol</span> <span class='ocrx_word' id='word_1_253' title='bbox 400 2835 516 2885; x_wconf 80' lang='lat' dir='ltr'>Vettius’</span> <span class='ocrx_word' id='word_1_254' title='bbox 824 2836 914 2949; x_wconf 58' lang='grc' dir='ltr'>Κῖορὴ</span> <span class='ocrx_word' id='word_1_255' title='bbox 931 2833 1054 2899; x_wconf 81' lang='lat' dir='ltr'>thought&#39;</span> <span class='ocrx_word' id='word_1_256' title='bbox 1087 2836 1127 2884; x_wconf 94' lang='lat' dir='ltr'>On</span> <span class='ocrx_word' id='word_1_257' title='bbox 1144 2835 1187 2884; x_wconf 88' lang='lat' dir='ltr'>the</span> <span class='ocrx_word' id='word_1_258' title='bbox 1206 2836 1343 2900; x_wconf 84' lang='lat' dir='ltr'>pleonasm,</span> <span class='ocrx_word' id='word_1_259' title='bbox 1359 2851 1400 2900; x_wconf 88' lang='lat' dir='ltr'>cp.</span> 
     </span>
    </p>
   </div>
   <div class='ocr_carea' id='block_1_5' title="bbox 192 2900 1472 4605">
    <p class='ocr_par' dir='ltr' id='par_1_6' title="bbox 192 2900 1472 4605">
     <span class='ocr_line' id='line_1_26' title="bbox 230 2900 1192 2965; baseline 0 -16"><span class='ocrx_word' id='word_1_260' title='bbox 230 2914 252 2962; x_wconf 84' lang='lat'>3.</span> <span class='ocrx_word' id='word_1_261' title='bbox 270 2903 307 2949; x_wconf 91' lang='lat' dir='ltr'>In</span> <span class='ocrx_word' id='word_1_262' title='bbox 318 2916 352 2951; x_wconf 84' lang='lat' dir='ltr'>so</span> <span class='ocrx_word' id='word_1_263' title='bbox 365 2938 371 2949; x_wconf 90' lang='lat'>.</span> <span class='ocrx_word' id='word_1_264' title='bbox 385 2938 391 2949; x_wconf 95' lang='lat'>.</span> <span class='ocrx_word' id='word_1_265' title='bbox 403 2906 487 2962; x_wconf 87' lang='lat' dir='ltr'>quod,</span> <span class='ocrx_word' id='word_1_266' title='bbox 502 2900 637 2952; x_wconf 81' lang='lat' dir='ltr'>‘because&#39;</span> <span class='ocrx_word' id='word_1_267' title='bbox 854 2903 910 2951; x_wconf 83' lang='lat' dir='ltr'>adv.</span> <span class='ocrx_word' id='word_1_268' title='bbox 923 2903 969 2961; x_wconf 86' lang='lat'>481</span> <span class='ocrx_word' id='word_1_269' title='bbox 982 2901 1000 2948; x_wconf 91' lang='lat' dir='ltr'>b</span> <span class='ocrx_word' id='word_1_270' title='bbox 1008 2918 1015 2961; x_wconf 91' lang='lat'>;</span> <span class='ocrx_word' id='word_1_271' title='bbox 1032 2901 1123 2965; x_wconf 86' lang='lat' dir='ltr'>Zumpt</span> <span class='ocrx_word' id='word_1_272' title='bbox 1136 2912 1192 2964; x_wconf 85' lang='lat'>750.</span> 
     </span>
     <span class='ocr_line' id='line_1_27' title="bbox 228 2966 1400 3027; baseline 0.004 -14"><span class='ocrx_word' id='word_1_273' title='bbox 228 2969 302 3014; x_wconf 79' lang='lat' dir='ltr'>&#39;1²um</span> <span class='ocrx_word' id='word_1_274' title='bbox 328 2969 451 3026; x_wconf 80' lang='lat' dir='ltr'>quidem,</span> <span class='ocrx_word' id='word_1_275' title='bbox 483 2972 532 3016; x_wconf 86' lang='lat' dir='ltr'>‘on</span> <span class='ocrx_word' id='word_1_276' title='bbox 560 2968 613 3016; x_wconf 90' lang='lat' dir='ltr'>that</span> <span class='ocrx_word' id='word_1_277' title='bbox 642 2967 772 3018; x_wconf 63' lang='lat' dir='ltr'>occasion)</span> <span class='ocrx_word' id='word_1_278' title='bbox 859 2980 895 3014; x_wconf 91' lang='lat'>10.</span> <span class='ocrx_word' id='word_1_279' title='bbox 913 2970 951 3015; x_wconf 84' lang='lat' dir='ltr'>Id</span> <span class='ocrx_word' id='word_1_280' title='bbox 967 2982 1028 3015; x_wconf 83' lang='lat' dir='ltr'>esse</span> <span class='ocrx_word' id='word_1_281' title='bbox 1046 2973 1148 3027; x_wconf 77' lang='lat' dir='ltr'>sotum,</span> <span class='ocrx_word' id='word_1_282' title='bbox 1163 2967 1216 3016; x_wconf 85' lang='lat' dir='ltr'>that</span> <span class='ocrx_word' id='word_1_283' title='bbox 1236 2966 1256 3015; x_wconf 90' lang='lat' dir='ltr'>it</span> <span class='ocrx_word' id='word_1_284' title='bbox 1275 2967 1324 3016; x_wconf 86' lang='lat' dir='ltr'>had</span> <span class='ocrx_word' id='word_1_285' title='bbox 1338 2968 1400 3018; x_wconf 87' lang='lat' dir='ltr'>been</span> 
     </span>
     <span class='ocr_line' id='line_1_28' title="bbox 195 3031 1124 3096; baseline 0.003 -19"><span class='ocrx_word' id='word_1_286' title='bbox 195 3031 294 3079; x_wconf 88' lang='lat' dir='ltr'>Vettius</span> <span class='ocrx_word' id='word_1_287' title='bbox 313 3047 371 3093; x_wconf 86' lang='lat' dir='ltr'>may</span> <span class='ocrx_word' id='word_1_288' title='bbox 390 3031 453 3079; x_wconf 88' lang='lat' dir='ltr'>have</span> <span class='ocrx_word' id='word_1_289' title='bbox 473 3033 534 3082; x_wconf 90' lang='lat' dir='ltr'>been</span> <span class='ocrx_word' id='word_1_290' title='bbox 553 3034 635 3096; x_wconf 85' lang='lat' dir='ltr'>guilty</span> <span class='ocrx_word' id='word_1_291' title='bbox 653 3032 683 3082; x_wconf 83' lang='lat' dir='ltr'>of</span> <span class='ocrx_word' id='word_1_292' title='bbox 702 3034 773 3082; x_wconf 89' lang='lat' dir='ltr'>other</span> <span class='ocrx_word' id='word_1_293' title='bbox 822 3033 947 3092; x_wconf 89' lang='lat' dir='ltr'>intended,</span> <span class='ocrx_word' id='word_1_294' title='bbox 959 3049 987 3081; x_wconf 91' lang='lat' dir='ltr'>or</span> <span class='ocrx_word' id='word_1_295' title='bbox 997 3033 1124 3095; x_wconf 87' lang='lat' dir='ltr'>arranged.</span> 
     </span>
     <span class='ocr_line' id='line_1_29' title="bbox 195 3095 1227 3162; baseline 0.005 -19"><span class='ocrx_word' id='word_1_296' title='bbox 195 3095 383 3145; x_wconf 84' lang='lat' dir='ltr'>misstatemeuts</span> <span class='ocrx_word' id='word_1_297' title='bbox 404 3097 504 3160; x_wconf 85' lang='lat' dir='ltr'>equally</span> <span class='ocrx_word' id='word_1_298' title='bbox 529 3099 622 3147; x_wconf 87' lang='lat' dir='ltr'>serious</span> <span class='ocrx_word' id='word_1_299' title='bbox 649 3106 674 3147; x_wconf 90' lang='lat' dir='ltr'>at</span> <span class='ocrx_word' id='word_1_300' title='bbox 703 3100 773 3148; x_wconf 86' lang='lat' dir='ltr'>other</span> <span class='ocrx_word' id='word_1_301' title='bbox 857 3100 943 3146; x_wconf 81' lang='lat' dir='ltr'>Item:</span> <span class='ocrx_word' id='word_1_302' title='bbox 962 3114 1001 3162; x_wconf 90' lang='lat' dir='ltr'>cp.</span> <span class='ocrx_word' id='word_1_303' title='bbox 1014 3098 1061 3162; x_wconf 88' lang='lat' dir='ltr'>Ep.</span> <span class='ocrx_word' id='word_1_304' title='bbox 1076 3111 1114 3154; x_wconf 84' lang='lat'>12,</span> <span class='ocrx_word' id='word_1_305' title='bbox 1127 3111 1150 3159; x_wconf 80' lang='lat'>3,</span> <span class='ocrx_word' id='word_1_306' title='bbox 1160 3105 1227 3148; x_wconf 90' lang='lat' dir='ltr'>note.</span> 
     </span>
     <span class='ocr_line' id='line_1_30' title="bbox 194 3162 1398 3228; baseline 0.004 -19"><span class='ocrx_word' id='word_1_307' title='bbox 194 3162 275 3210; x_wconf 86' lang='lat' dir='ltr'>times.</span> <span class='ocrx_word' id='word_1_308' title='bbox 859 3176 897 3227; x_wconf 90' lang='grc'><strong>14.</strong></span> <span class='ocrx_word' id='word_1_309' title='bbox 915 3167 998 3213; x_wconf 88' lang='lat' dir='ltr'>Olim.</span> <span class='ocrx_word' id='word_1_310' title='bbox 1033 3165 1125 3212; x_wconf 86' lang='lat' dir='ltr'>Caesar</span> <span class='ocrx_word' id='word_1_311' title='bbox 1142 3179 1192 3212; x_wconf 82' lang='lat' dir='ltr'>was</span> <span class='ocrx_word' id='word_1_312' title='bbox 1209 3172 1309 3228; x_wconf 82' lang='lat' dir='ltr'>praetor</span> <span class='ocrx_word' id='word_1_313' title='bbox 1324 3165 1351 3214; x_wconf 90' lang='lat' dir='ltr'>in</span> <span class='ocrx_word' id='word_1_314' title='bbox 1367 3164 1398 3214; x_wconf 78' lang='lat'>62</span> 
     </span>
     <span class='ocr_line' id='line_1_31' title="bbox 227 3228 1400 3292; baseline 0.006 -19"><span class='ocrx_word' id='word_1_315' title='bbox 227 3242 250 3289; x_wconf 78' lang='lat'><em>4</em></span> <span class='ocrx_word' id='word_1_316' title='bbox 276 3229 442 3287; x_wconf 76' lang='lat' dir='ltr'>consilium,</span> <span class='ocrx_word' id='word_1_317' title='bbox 472 3244 542 3292; x_wconf 88' lang='lat' dir='ltr'>supp.</span> <span class='ocrx_word' id='word_1_318' title='bbox 574 3228 680 3278; x_wconf 84' lang='lat' dir='ltr'>‘fuisse’</span> <span class='ocrx_word' id='word_1_319' title='bbox 709 3230 772 3279; x_wconf 81' lang='lat' dir='ltr'>from</span> <span class='ocrx_word' id='word_1_320' title='bbox 824 3239 889 3288; x_wconf 66' lang='lat' dir='ltr'>iae„</span> <span class='ocrx_word' id='word_1_321' title='bbox 911 3228 983 3277; x_wconf 79' lang='lat' dir='ltr'>when</span> <span class='ocrx_word' id='word_1_322' title='bbox 1011 3229 1116 3279; x_wconf 87' lang='lat' dir='ltr'>Catulus</span> <span class='ocrx_word' id='word_1_323' title='bbox 1143 3245 1212 3278; x_wconf 84' lang='lat' dir='ltr'>came</span> <span class='ocrx_word' id='word_1_324' title='bbox 1237 3230 1343 3279; x_wconf 81' lang='lat' dir='ltr'>forward</span> <span class='ocrx_word' id='word_1_325' title='bbox 1372 3239 1400 3280; x_wconf 90' lang='lat' dir='ltr'>to</span> 
     </span>
     <span class='ocr_line' id='line_1_32' title="bbox 194 3290 1399 3360; baseline 0.005 -21"><span class='ocrx_word' id='word_1_326' title='bbox 194 3290 237 3340; x_wconf 88' lang='lat' dir='ltr'>the</span> <span class='ocrx_word' id='word_1_327' title='bbox 258 3299 315 3340; x_wconf 84' lang='lat' dir='ltr'>next</span> <span class='ocrx_word' id='word_1_328' title='bbox 338 3291 427 3340; x_wconf 88' lang='lat' dir='ltr'>clause.</span> <span class='ocrx_word' id='word_1_329' title='bbox 463 3293 511 3358; x_wconf 89' lang='lat' dir='ltr'>Cp.</span> <span class='ocrx_word' id='word_1_330' title='bbox 532 3294 616 3344; x_wconf 85' lang='lat' dir='ltr'>Madv.</span> <span class='ocrx_word' id='word_1_331' title='bbox 640 3296 696 3358; x_wconf 83' lang='lat'>478.</span> <span class='ocrx_word' id='word_1_332' title='bbox 730 3296 771 3344; x_wconf 92' lang='lat' dir='ltr'>On</span> <span class='ocrx_word' id='word_1_333' title='bbox 823 3293 899 3358; x_wconf 85' lang='lat' dir='ltr'>speak</span> <span class='ocrx_word' id='word_1_334' title='bbox 916 3295 994 3342; x_wconf 82' lang='lat' dir='ltr'>about</span> <span class='ocrx_word' id='word_1_335' title='bbox 1010 3294 1204 3358; x_wconf 88' lang='lat' dir='ltr'>therehuilding</span> <span class='ocrx_word' id='word_1_336' title='bbox 1221 3295 1249 3342; x_wconf 84' lang='lat' dir='ltr'>ol</span> <span class='ocrx_word' id='word_1_337' title='bbox 1261 3296 1305 3345; x_wconf 91' lang='lat' dir='ltr'>the</span> <span class='ocrx_word' id='word_1_338' title='bbox 1319 3296 1399 3360; x_wconf 82' lang='lat' dir='ltr'>Capi·</span> 
     </span>
     <span class='ocr_line' id='line_1_33' title="bbox 196 3354 1399 3423; baseline 0.006 -19"><span class='ocrx_word' id='word_1_339' title='bbox 196 3354 255 3406; x_wconf 88' lang='lat' dir='ltr'>‘ut&#39;</span> <span class='ocrx_word' id='word_1_340' title='bbox 282 3357 343 3405; x_wconf 88' lang='lat' dir='ltr'>with</span> <span class='ocrx_word' id='word_1_341' title='bbox 371 3357 413 3406; x_wconf 89' lang='lat' dir='ltr'>the</span> <span class='ocrx_word' id='word_1_342' title='bbox 441 3360 503 3421; x_wconf 89' lang='lat' dir='ltr'>conj.</span> <span class='ocrx_word' id='word_1_343' title='bbox 533 3360 596 3408; x_wconf 84' lang='lat' dir='ltr'>aiter</span> <span class='ocrx_word' id='word_1_344' title='bbox 625 3361 771 3410; x_wconf 86' lang='lat' dir='ltr'>‘consilium</span> <span class='ocrx_word' id='word_1_345' title='bbox 824 3359 867 3408; x_wconf 90' lang='lat' dir='ltr'>tol.</span> <span class='ocrx_word' id='word_1_346' title='bbox 911 3360 958 3423; x_wconf 90' lang='lat' dir='ltr'>Cp.</span> <span class='ocrx_word' id='word_1_347' title='bbox 984 3360 1044 3408; x_wconf 92' lang='lat' dir='ltr'>lntr.</span> <span class='ocrx_word' id='word_1_348' title='bbox 1060 3369 1087 3409; x_wconf 92' lang='lat' dir='ltr'>to</span> <span class='ocrx_word' id='word_1_349' title='bbox 1107 3360 1166 3409; x_wconf 84' lang='lat' dir='ltr'>Part</span> <span class='ocrx_word' id='word_1_350' title='bbox 1183 3361 1203 3419; x_wconf 93' lang='lat' dir='ltr'>l,</span> <span class='ocrx_word' id='word_1_351' title='bbox 1223 3363 1236 3418; x_wconf 60' lang='grc' dir='ltr'><strong><em>ἦ</em></strong></span> <span class='ocrx_word' id='word_1_352' title='bbox 1258 3375 1303 3421; x_wconf 78' lang='grc'><strong>11;</strong></span> <span class='ocrx_word' id='word_1_353' title='bbox 1330 3361 1399 3411; x_wconf 90' lang='lat' dir='ltr'>Suet.</span> 
     </span>
     <span class='ocr_line' id='line_1_34' title="bbox 194 3421 922 3487; baseline 0.003 -17"><span class='ocrx_word' id='word_1_354' title='bbox 194 3421 284 3479; x_wconf 66' lang='lat' dir='ltr'>fuisse:</span> <span class='ocrx_word' id='word_1_355' title='bbox 296 3438 335 3486; x_wconf 89' lang='lat' dir='ltr'>cp.</span> <span class='ocrx_word' id='word_1_356' title='bbox 349 3423 386 3471; x_wconf 90' lang='lat' dir='ltr'>ib.</span> <span class='ocrx_word' id='word_1_357' title='bbox 400 3434 446 3486; x_wconf 80' lang='lat'>372</span> <span class='ocrx_word' id='word_1_358' title='bbox 460 3440 482 3472; x_wconf 79' lang='lat' dir='ltr'>a.</span> <span class='ocrx_word' id='word_1_359' title='bbox 823 3424 870 3473; x_wconf 91' lang='lat' dir='ltr'>Iul.</span> <span class='ocrx_word' id='word_1_360' title='bbox 886 3438 922 3487; x_wconf 84' lang='lat'>¹5·</span> 
     </span>
     <span class='ocr_line' id='line_1_35' title="bbox 228 3490 1400 3556; baseline 0.006 -21"><span class='ocrx_word' id='word_1_361' title='bbox 228 3490 457 3537; x_wconf 78' lang='lat' dir='ltr'>Gladiatoribus:</span> <span class='ocrx_word' id='word_1_362' title='bbox 475 3505 515 3538; x_wconf 85' lang='lat' dir='ltr'>see</span> <span class='ocrx_word' id='word_1_363' title='bbox 533 3490 580 3554; x_wconf 87' lang='lat' dir='ltr'>Ep.</span> <span class='ocrx_word' id='word_1_364' title='bbox 604 3504 641 3551; x_wconf 85' lang='lat'>12,</span> <span class='ocrx_word' id='word_1_365' title='bbox 663 3506 687 3554; x_wconf 81' lang='lat'>3.</span> <span class='ocrx_word' id='word_1_366' title='bbox 721 3492 771 3540; x_wconf 87' lang='lat' dir='ltr'>Bil·</span> <span class='ocrx_word' id='word_1_367' title='bbox 858 3503 895 3552; x_wconf 87' lang='lat'>15·</span> <span class='ocrx_word' id='word_1_368' title='bbox 913 3493 958 3538; x_wconf 74' lang='lat' dir='ltr'>Ex</span> <span class='ocrx_word' id='word_1_369' title='bbox 972 3492 1107 3541; x_wconf 79' lang='lat' dir='ltr'>interiore</span> <span class='ocrx_word' id='word_1_370' title='bbox 1123 3494 1194 3550; x_wconf 79' lang='lat' dir='ltr'>loeo,</span> <span class='ocrx_word' id='word_1_371' title='bbox 1206 3491 1319 3556; x_wconf 85' lang='lat' dir='ltr'>opposed</span> <span class='ocrx_word' id='word_1_372' title='bbox 1330 3497 1400 3542; x_wconf 86' lang='lat' dir='ltr'>to‘e</span> 
     </span>
     <span class='ocr_line' id='line_1_36' title="bbox 193 3552 921 3620; baseline 0.005 -19"><span class='ocrx_word' id='word_1_373' title='bbox 193 3552 254 3602; x_wconf 90' lang='lat' dir='ltr'>lerb.</span> <span class='ocrx_word' id='word_1_374' title='bbox 279 3553 370 3602; x_wconf 89' lang='lat' dir='ltr'>retains</span> <span class='ocrx_word' id='word_1_375' title='bbox 393 3553 479 3611; x_wconf 77' lang='lat' dir='ltr'>‘cum’</span> <span class='ocrx_word' id='word_1_376' title='bbox 503 3555 548 3604; x_wconf 89' lang='lat' dir='ltr'>but</span> <span class='ocrx_word' id='word_1_377' title='bbox 571 3557 682 3620; x_wconf 86' lang='lat' dir='ltr'>explains</span> <span class='ocrx_word' id='word_1_378' title='bbox 704 3559 723 3606; x_wconf 93' lang='lat' dir='ltr'>it</span> <span class='ocrx_word' id='word_1_379' title='bbox 743 3574 771 3608; x_wconf 85' lang='lat' dir='ltr'>ss</span> <span class='ocrx_word' id='word_1_380' title='bbox 821 3554 921 3606; x_wconf 83' lang='lat' dir='ltr'>rostris’</span> 
     </span>
     <span class='ocr_line' id='line_1_37' title="bbox 192 3618 1400 3687; baseline 0.006 -22"><span class='ocrx_word' id='word_1_381' title='bbox 192 3618 309 3682; x_wconf 85' lang='lat' dir='ltr'>meaning</span> <span class='ocrx_word' id='word_1_382' title='bbox 326 3621 366 3668; x_wconf 87' lang='lat' dir='ltr'>‘at</span> <span class='ocrx_word' id='word_1_383' title='bbox 374 3619 417 3669; x_wconf 88' lang='lat' dir='ltr'>the</span> <span class='ocrx_word' id='word_1_384' title='bbox 429 3620 489 3668; x_wconf 90' lang='lat' dir='ltr'>time</span> <span class='ocrx_word' id='word_1_385' title='bbox 500 3618 542 3670; x_wconf 64' lang='grc' dir='ltr'>οἱ)</span> <span class='ocrx_word' id='word_1_386' title='bbox 856 3621 894 3671; x_wconf 89' lang='lat'>16.</span> <span class='ocrx_word' id='word_1_387' title='bbox 913 3624 1060 3671; x_wconf 84' lang='lat' dir='ltr'>Produxit.</span> <span class='ocrx_word' id='word_1_388' title='bbox 1096 3621 1145 3670; x_wconf 90' lang='lat' dir='ltr'>But</span> <span class='ocrx_word' id='word_1_389' title='bbox 1160 3621 1210 3670; x_wconf 86' lang='lat' dir='ltr'>this</span> <span class='ocrx_word' id='word_1_390' title='bbox 1221 3638 1273 3672; x_wconf 83' lang='lat' dir='ltr'>was</span> <span class='ocrx_word' id='word_1_391' title='bbox 1289 3623 1400 3687; x_wconf 86' lang='lat' dir='ltr'>actually</span> 
     </span>
     <span class='ocr_line' id='line_1_38' title="bbox 229 3686 1398 3754; baseline 0.006 -22"><span class='ocrx_word' id='word_1_392' title='bbox 229 3696 251 3745; x_wconf 85' lang='lat'>5.</span> <span class='ocrx_word' id='word_1_393' title='bbox 270 3687 395 3733; x_wconf 84' lang='lat' dir='ltr'>Gabinii.</span> <span class='ocrx_word' id='word_1_394' title='bbox 430 3687 461 3733; x_wconf 83' lang='lat' dir='ltr'>A.</span> <span class='ocrx_word' id='word_1_395' title='bbox 480 3686 601 3735; x_wconf 81' lang='lat' dir='ltr'>Gabinius</span> <span class='ocrx_word' id='word_1_396' title='bbox 616 3703 667 3737; x_wconf 81' lang='lat' dir='ltr'>was</span> <span class='ocrx_word' id='word_1_397' title='bbox 683 3689 768 3739; x_wconf 89' lang='lat' dir='ltr'>consul</span> <span class='ocrx_word' id='word_1_398' title='bbox 821 3687 887 3736; x_wconf 87' lang='lat' dir='ltr'>done</span> <span class='ocrx_word' id='word_1_399' title='bbox 904 3688 937 3750; x_wconf 90' lang='lat' dir='ltr'>by</span> <span class='ocrx_word' id='word_1_400' title='bbox 948 3687 1071 3737; x_wconf 85' lang='lat' dir='ltr'>Vatinius.</span> <span class='ocrx_word' id='word_1_401' title='bbox 1105 3688 1145 3736; x_wconf 91' lang='lat' dir='ltr'>On</span> <span class='ocrx_word' id='word_1_402' title='bbox 1163 3689 1204 3736; x_wconf 89' lang='lat' dir='ltr'>the</span> <span class='ocrx_word' id='word_1_403' title='bbox 1221 3690 1341 3751; x_wconf 87' lang='lat' dir='ltr'>practice,</span> <span class='ocrx_word' id='word_1_404' title='bbox 1359 3705 1398 3754; x_wconf 87' lang='lat' dir='ltr'>cp.</span> 
     </span>
     <span class='ocr_line' id='line_1_39' title="bbox 194 3750 1243 3817; baseline 0.006 -21"><span class='ocrx_word' id='word_1_405' title='bbox 194 3750 226 3812; x_wconf 82' lang='lat'>58</span> <span class='ocrx_word' id='word_1_406' title='bbox 239 3760 263 3797; x_wconf 80' lang='grc' dir='ltr'>Β.</span> <span class='ocrx_word' id='word_1_407' title='bbox 272 3761 306 3808; x_wconf 90' lang='lat' dir='ltr'>e.,</span> <span class='ocrx_word' id='word_1_408' title='bbox 318 3750 368 3798; x_wconf 89' lang='lat' dir='ltr'>and</span> <span class='ocrx_word' id='word_1_409' title='bbox 383 3767 440 3813; x_wconf 86' lang='lat' dir='ltr'>may</span> <span class='ocrx_word' id='word_1_410' title='bbox 452 3751 515 3800; x_wconf 85' lang='lat' dir='ltr'>have</span> <span class='ocrx_word' id='word_1_411' title='bbox 530 3751 657 3802; x_wconf 89' lang='lat' dir='ltr'>exhibited</span> <span class='ocrx_word' id='word_1_412' title='bbox 672 3754 769 3817; x_wconf 86' lang='lat' dir='ltr'>gladia·</span> <span class='ocrx_word' id='word_1_413' title='bbox 821 3753 867 3817; x_wconf 90' lang='lat' dir='ltr'>Ep.</span> <span class='ocrx_word' id='word_1_414' title='bbox 881 3763 904 3815; x_wconf 86' lang='lat'>7,</span> <span class='ocrx_word' id='word_1_415' title='bbox 919 3766 940 3813; x_wconf 91' lang='lat'>1,</span> <span class='ocrx_word' id='word_1_416' title='bbox 952 3763 1017 3811; x_wconf 89' lang='lat' dir='ltr'>note,</span> <span class='ocrx_word' id='word_1_417' title='bbox 1030 3753 1079 3802; x_wconf 89' lang='lat' dir='ltr'>und</span> <span class='ocrx_word' id='word_1_418' title='bbox 1090 3753 1155 3816; x_wconf 84' lang='lat' dir='ltr'>Livy</span> <span class='ocrx_word' id='word_1_419' title='bbox 1166 3754 1189 3802; x_wconf 92' lang='lat'>8.</span> <span class='ocrx_word' id='word_1_420' title='bbox 1204 3768 1243 3814; x_wconf 79' lang='lat'>33.</span> 
     </span>
     <span class='ocr_line' id='line_1_40' title="bbox 194 3813 1398 3884; baseline 0.006 -23"><span class='ocrx_word' id='word_1_421' title='bbox 194 3813 268 3862; x_wconf 83' lang='lat' dir='ltr'>torisl</span> <span class='ocrx_word' id='word_1_422' title='bbox 286 3814 367 3864; x_wconf 85' lang='lat' dir='ltr'>shows</span> <span class='ocrx_word' id='word_1_423' title='bbox 382 3816 424 3864; x_wconf 88' lang='lat' dir='ltr'>the</span> <span class='ocrx_word' id='word_1_424' title='bbox 439 3832 497 3879; x_wconf 83' lang='lat' dir='ltr'>year</span> <span class='ocrx_word' id='word_1_425' title='bbox 513 3817 604 3877; x_wconf 80' lang='lat' dir='ltr'>before,</span> <span class='ocrx_word' id='word_1_426' title='bbox 618 3819 643 3867; x_wconf 91' lang='lat' dir='ltr'>in</span> <span class='ocrx_word' id='word_1_427' title='bbox 660 3820 731 3869; x_wconf 84' lang='lat' dir='ltr'>order</span> <span class='ocrx_word' id='word_1_428' title='bbox 742 3829 769 3869; x_wconf 85' lang='lat' dir='ltr'>to</span> <span class='ocrx_word' id='word_1_429' title='bbox 856 3829 893 3880; x_wconf 81' lang='grc'><strong>17.</strong></span> <span class='ocrx_word' id='word_1_430' title='bbox 910 3822 1052 3880; x_wconf 77' lang='lat' dir='ltr'>Aapirare,</span> <span class='ocrx_word' id='word_1_431' title='bbox 1064 3824 1104 3868; x_wconf 87' lang='lat' dir='ltr'>‘to</span> <span class='ocrx_word' id='word_1_432' title='bbox 1116 3818 1259 3883; x_wconf 70' lang='lat' dir='ltr'>approaels’</span> <span class='ocrx_word' id='word_1_433' title='bbox 1294 3819 1341 3884; x_wconf 91' lang='lat' dir='ltr'>Cp.</span> <span class='ocrx_word' id='word_1_434' title='bbox 1350 3819 1398 3884; x_wconf 88' lang='lat' dir='ltr'>Ep.</span> 
     </span>
     <span class='ocr_line' id='line_1_41' title="bbox 194 3880 956 3948; baseline 0.008 -22"><span class='ocrx_word' id='word_1_435' title='bbox 194 3880 244 3927; x_wconf 87' lang='lat' dir='ltr'>wln</span> <span class='ocrx_word' id='word_1_436' title='bbox 273 3880 360 3928; x_wconf 81' lang='lat' dir='ltr'>favour</span> <span class='ocrx_word' id='word_1_437' title='bbox 387 3881 448 3929; x_wconf 88' lang='lat' dir='ltr'>with</span> <span class='ocrx_word' id='word_1_438' title='bbox 476 3882 519 3932; x_wconf 90' lang='lat' dir='ltr'>the</span> <span class='ocrx_word' id='word_1_439' title='bbox 547 3885 676 3947; x_wconf 84' lang='lat' dir='ltr'>populace.</span> <span class='ocrx_word' id='word_1_440' title='bbox 718 3886 769 3935; x_wconf 82' lang='lat' dir='ltr'>For</span> <span class='ocrx_word' id='word_1_441' title='bbox 820 3899 844 3948; x_wconf 86' lang='lat'>9,</span> <span class='ocrx_word' id='word_1_442' title='bbox 856 3886 880 3944; x_wconf 91' lang='lat'>8,</span> <span class='ocrx_word' id='word_1_443' title='bbox 892 3892 956 3932; x_wconf 90' lang='lat' dir='ltr'>note.</span> 
     </span>
     <span class='ocr_line' id='line_1_42' title="bbox 194 3944 1399 4010; baseline 0.006 -18"><span class='ocrx_word' id='word_1_444' title='bbox 194 3944 289 3993; x_wconf 74' lang='lat' dir='ltr'>further</span> <span class='ocrx_word' id='word_1_445' title='bbox 299 3947 394 3995; x_wconf 88' lang='lat' dir='ltr'>notices</span> <span class='ocrx_word' id='word_1_446' title='bbox 406 3947 435 3995; x_wconf 86' lang='lat' dir='ltr'>oi</span> <span class='ocrx_word' id='word_1_447' title='bbox 443 3948 530 4008; x_wconf 87' lang='lat' dir='ltr'>bim,e</span> <span class='ocrx_word' id='word_1_448' title='bbox 549 3948 627 3999; x_wconf 90' lang='lat' dir='ltr'>.Iutr.</span> <span class='ocrx_word' id='word_1_449' title='bbox 641 3959 668 4000; x_wconf 92' lang='lat' dir='ltr'>to</span> <span class='ocrx_word' id='word_1_450' title='bbox 679 3951 737 4000; x_wconf 82' lang='lat' dir='ltr'>Part</span> <span class='ocrx_word' id='word_1_451' title='bbox 746 3952 768 4010; x_wconf 93' lang='lat'>1,</span> <span class='ocrx_word' id='word_1_452' title='bbox 854 3953 961 3998; x_wconf 86' lang='lat' dir='ltr'>Voluit.</span> <span class='ocrx_word' id='word_1_453' title='bbox 997 3949 1072 3997; x_wconf 79' lang='lat' dir='ltr'>‘Non</span> <span class='ocrx_word' id='word_1_454' title='bbox 1095 3951 1201 4009; x_wconf 88' lang='lat' dir='ltr'>Vettius,</span> <span class='ocrx_word' id='word_1_455' title='bbox 1224 3950 1267 3998; x_wconf 88' lang='lat' dir='ltr'>sed</span> <span class='ocrx_word' id='word_1_456' title='bbox 1290 3948 1399 3999; x_wconf 69' lang='lat' dir='ltr'>Caesar!</span> 
     </span>
     <span class='ocr_line' id='line_1_43' title="bbox 195 3965 1399 4080; baseline 0.005 -22"><span class='ocrx_word' id='word_1_457' title='bbox 195 4014 271 4072; x_wconf 69' lang='lat'>§573</span> <span class='ocrx_word' id='word_1_458' title='bbox 291 4011 336 4067; x_wconf 79' lang='lat'>18:</span> <span class='ocrx_word' id='word_1_459' title='bbox 356 4026 401 4077; x_wconf 87' lang='lat'>19;</span> <span class='ocrx_word' id='word_1_460' title='bbox 418 4022 445 4061; x_wconf 90' lang='lat' dir='ltr'>to</span> <span class='ocrx_word' id='word_1_461' title='bbox 463 4014 520 4063; x_wconf 87' lang='lat' dir='ltr'>Part</span> <span class='ocrx_word' id='word_1_462' title='bbox 531 3965 566 4072; x_wconf 82' lang='lat' dir='ltr'>li,</span> <span class='ocrx_word' id='word_1_463' title='bbox 581 4016 638 4073; x_wconf 69' lang='lat'>556</span> <span class='ocrx_word' id='word_1_464' title='bbox 648 4033 656 4076; x_wconf 93' lang='lat'>;</span> <span class='ocrx_word' id='word_1_465' title='bbox 675 4029 704 4078; x_wconf 74' lang='lat'>73</span> <span class='ocrx_word' id='word_1_466' title='bbox 723 4030 768 4078; x_wconf 89' lang='lat' dir='ltr'>ro;</span> <span class='ocrx_word' id='word_1_467' title='bbox 820 4015 917 4064; x_wconf 83' lang='lat' dir='ltr'>Manut.</span> <span class='ocrx_word' id='word_1_468' title='bbox 951 4014 1027 4065; x_wconf 89' lang='lat' dir='ltr'>Orell.</span> <span class='ocrx_word' id='word_1_469' title='bbox 1039 4031 1080 4079; x_wconf 86' lang='lat' dir='ltr'>ap.</span> <span class='ocrx_word' id='word_1_470' title='bbox 1093 4015 1193 4064; x_wconf 89' lang='lat' dir='ltr'>Billerb.</span> <span class='ocrx_word' id='word_1_471' title='bbox 1205 4015 1255 4063; x_wconf 82' lang='lat' dir='ltr'>and</span> <span class='ocrx_word' id='word_1_472' title='bbox 1267 4016 1332 4064; x_wconf 89' lang='lat' dir='ltr'>Boot</span> <span class='ocrx_word' id='word_1_473' title='bbox 1344 4031 1399 4080; x_wconf 90' lang='lat' dir='ltr'>pro·</span> 
     </span>
     <span class='ocr_line' id='line_1_44' title="bbox 194 4075 1398 4146; baseline 0.006 -23"><span class='ocrx_word' id='word_1_474' title='bbox 194 4082 221 4123; x_wconf 90' lang='lat' dir='ltr'>to</span> <span class='ocrx_word' id='word_1_475' title='bbox 233 4075 292 4125; x_wconf 88' lang='lat' dir='ltr'>Part</span> <span class='ocrx_word' id='word_1_476' title='bbox 303 4076 408 4141; x_wconf 69' lang='lat' dir='ltr'>1v‚54.</span> <span class='ocrx_word' id='word_1_477' title='bbox 894 4079 1053 4140; x_wconf 83' lang='lat' dir='ltr'>‘hicomnia,</span> <span class='ocrx_word' id='word_1_478' title='bbox 1069 4082 1112 4130; x_wconf 92' lang='lat' dir='ltr'>ille</span> <span class='ocrx_word' id='word_1_479' title='bbox 1127 4078 1297 4146; x_wconf 88' lang='lat' dir='ltr'>qnaevoluit.&#39;</span> <span class='ocrx_word' id='word_1_480' title='bbox 1332 4080 1398 4130; x_wconf 84' lang='lat' dir='ltr'>Prol.</span> 
     </span>
     <span class='ocr_line' id='line_1_45' title="bbox 228 4144 1399 4212; baseline 0.005 -22"><span class='ocrx_word' id='word_1_481' title='bbox 228 4150 251 4203; x_wconf 80' lang='lat'>7.</span> <span class='ocrx_word' id='word_1_482' title='bbox 270 4145 340 4190; x_wconf 74' lang='lat' dir='ltr'>(ium</span> <span class='ocrx_word' id='word_1_483' title='bbox 369 4146 433 4192; x_wconf 82' lang='lat' dir='ltr'>talo.</span> <span class='ocrx_word' id='word_1_484' title='bbox 475 4144 500 4193; x_wconf 96' lang='lat' dir='ltr'>It</span> <span class='ocrx_word' id='word_1_485' title='bbox 527 4161 577 4194; x_wconf 87' lang='lat' dir='ltr'>was</span> <span class='ocrx_word' id='word_1_486' title='bbox 604 4146 698 4212; x_wconf 85' lang='lat' dir='ltr'>illegal,</span> <span class='ocrx_word' id='word_1_487' title='bbox 726 4163 741 4195; x_wconf 90' lang='lat' dir='ltr'>u</span> <span class='ocrx_word' id='word_1_488' title='bbox 844 4145 918 4210; x_wconf 88' lang='lat' dir='ltr'>yrrell</span> <span class='ocrx_word' id='word_1_489' title='bbox 935 4161 1063 4210; x_wconf 84' lang='lat' dir='ltr'>approves,</span> <span class='ocrx_word' id='word_1_490' title='bbox 1083 4148 1127 4195; x_wconf 90' lang='lat' dir='ltr'>but</span> <span class='ocrx_word' id='word_1_491' title='bbox 1145 4146 1215 4195; x_wconf 89' lang='lat' dir='ltr'>takes</span> <span class='ocrx_word' id='word_1_492' title='bbox 1231 4145 1303 4195; x_wconf 84' lang='lat' dir='ltr'>‘hic’</span> <span class='ocrx_word' id='word_1_493' title='bbox 1323 4162 1352 4196; x_wconf 85' lang='lat' dir='ltr'>as</span> <span class='ocrx_word' id='word_1_494' title='bbox 1366 4163 1399 4196; x_wconf 86' lang='lat' dir='ltr'>an</span> 
     </span>
     <span class='ocr_line' id='line_1_46' title="bbox 193 4207 1472 4276; baseline 0.009 -22"><span class='ocrx_word' id='word_1_495' title='bbox 193 4207 315 4269; x_wconf 86' lang='lat' dir='ltr'>parently,</span> <span class='ocrx_word' id='word_1_496' title='bbox 329 4216 356 4256; x_wconf 93' lang='lat' dir='ltr'>to</span> <span class='ocrx_word' id='word_1_497' title='bbox 369 4209 427 4257; x_wconf 87' lang='lat' dir='ltr'>bear</span> <span class='ocrx_word' id='word_1_498' title='bbox 438 4225 504 4259; x_wconf 82' lang='lat' dir='ltr'>arms</span> <span class='ocrx_word' id='word_1_499' title='bbox 515 4211 540 4259; x_wconf 92' lang='lat' dir='ltr'>in</span> <span class='ocrx_word' id='word_1_500' title='bbox 553 4211 643 4261; x_wconf 89' lang='lat' dir='ltr'>Rome.</span> <span class='ocrx_word' id='word_1_501' title='bbox 677 4212 725 4276; x_wconf 85' lang='lat' dir='ltr'>Cp.</span> <span class='ocrx_word' id='word_1_502' title='bbox 819 4211 986 4260; x_wconf 83' lang='lat' dir='ltr'>adverb-‘in</span> <span class='ocrx_word' id='word_1_503' title='bbox 999 4212 1041 4261; x_wconf 91' lang='lat' dir='ltr'>the</span> <span class='ocrx_word' id='word_1_504' title='bbox 1053 4211 1149 4262; x_wconf 64' lang='lat' dir='ltr'>rostra!</span> <span class='ocrx_word' id='word_1_505' title='bbox 1468 4258 1472 4265; x_wconf 88' lang='lat'>.</span> 
     </span>
     <span class='ocr_line' id='line_1_47' title="bbox 196 4270 1398 4344; baseline 0.007 -25"><span class='ocrx_word' id='word_1_506' title='bbox 196 4272 251 4319; x_wconf 81' lang='lat' dir='ltr'>Cat.</span> <span class='ocrx_word' id='word_1_507' title='bbox 275 4285 297 4320; x_wconf 94' lang='lat'>1.</span> <span class='ocrx_word' id='word_1_508' title='bbox 315 4270 338 4332; x_wconf 89' lang='lat'>6,</span> <span class='ocrx_word' id='word_1_509' title='bbox 362 4287 409 4336; x_wconf 84' lang='lat'>15;</span> <span class='ocrx_word' id='word_1_510' title='bbox 432 4275 525 4326; x_wconf 80' lang='lat' dir='ltr'>Ascon.</span> <span class='ocrx_word' id='word_1_511' title='bbox 546 4278 571 4327; x_wconf 94' lang='lat' dir='ltr'>in</span> <span class='ocrx_word' id='word_1_512' title='bbox 590 4277 722 4328; x_wconf 85' lang='lat' dir='ltr'>Milonian.</span> <span class='ocrx_word' id='word_1_513' title='bbox 742 4294 768 4342; x_wconf 91' lang='lat' dir='ltr'>p.</span> <span class='ocrx_word' id='word_1_514' title='bbox 856 4278 892 4326; x_wconf 89' lang='lat'>18.</span> <span class='ocrx_word' id='word_1_515' title='bbox 921 4280 1035 4339; x_wconf 78' lang='lat' dir='ltr'>Faetus,</span> <span class='ocrx_word' id='word_1_516' title='bbox 1064 4277 1214 4337; x_wconf 73' lang='lat' dir='ltr'>‘schooled&#39;</span> <span class='ocrx_word' id='word_1_517' title='bbox 1243 4278 1398 4344; x_wconf 75' lang='lat' dir='ltr'>‘prepared’</span> 
     </span>
     <span class='ocr_line' id='line_1_48' title="bbox 197 4343 1399 4407; baseline 0.006 -22"><span class='ocrx_word' id='word_1_518' title='bbox 197 4349 252 4397; x_wconf 83' lang='lat'>145.</span> <span class='ocrx_word' id='word_1_519' title='bbox 820 4343 867 4407; x_wconf 92' lang='lat' dir='ltr'>Cp.</span> <span class='ocrx_word' id='word_1_520' title='bbox 882 4343 922 4392; x_wconf 89' lang='lat' dir='ltr'>De</span> <span class='ocrx_word' id='word_1_521' title='bbox 933 4343 1003 4393; x_wconf 82' lang='lat' dir='ltr'>Orat.</span> <span class='ocrx_word' id='word_1_522' title='bbox 1017 4356 1039 4404; x_wconf 81' lang='lat'>3.</span> <span class='ocrx_word' id='word_1_523' title='bbox 1051 4345 1092 4406; x_wconf 86' lang='grc'>48,</span> <span class='ocrx_word' id='word_1_524' title='bbox 1104 4345 1168 4407; x_wconf 89' lang='grc'><strong>184;</strong></span> <span class='ocrx_word' id='word_1_525' title='bbox 1187 4344 1250 4395; x_wconf 88' lang='lat' dir='ltr'>Hor.</span> <span class='ocrx_word' id='word_1_526' title='bbox 1263 4345 1315 4395; x_wconf 82' lang='lat' dir='ltr'>Sat.</span> <span class='ocrx_word' id='word_1_527' title='bbox 1327 4358 1348 4393; x_wconf 94' lang='grc'><strong>1.</strong></span> <span class='ocrx_word' id='word_1_528' title='bbox 1359 4358 1399 4403; x_wconf 88' lang='lat' dir='ltr'>ro,</span> 
     </span>
     <span class='ocr_line' id='line_1_49' title="bbox 228 4403 860 4472; baseline 0.016 -24"><span class='ocrx_word' id='word_1_529' title='bbox 228 4403 251 4448; x_wconf 92' lang='lat'>8.</span> <span class='ocrx_word' id='word_1_530' title='bbox 269 4405 425 4465; x_wconf 78' lang='lat' dir='ltr'>limisissst,</span> <span class='ocrx_word' id='word_1_531' title='bbox 439 4421 472 4455; x_wconf 84' lang='lat' dir='ltr'>sc.</span> <span class='ocrx_word' id='word_1_532' title='bbox 489 4411 517 4456; x_wconf 88' lang='lat' dir='ltr'>‘e</span> <span class='ocrx_word' id='word_1_533' title='bbox 529 4408 649 4469; x_wconf 85' lang='lat' dir='ltr'>vinculis,’</span> <span class='ocrx_word' id='word_1_534' title='bbox 663 4408 769 4458; x_wconf 84' lang='lat' dir='ltr'>‘should</span> <span class='ocrx_word' id='word_1_535' title='bbox 820 4409 860 4472; x_wconf 82' lang='lat'>58.</span> 
     </span>
     <span class='ocr_line' id='line_1_50' title="bbox 195 4466 1398 4534; baseline 0.011 -20"><span class='ocrx_word' id='word_1_536' title='bbox 195 4466 258 4516; x_wconf 83' lang='lat' dir='ltr'>have</span> <span class='ocrx_word' id='word_1_537' title='bbox 275 4470 394 4531; x_wconf 87' lang='lat' dir='ltr'>procured</span> <span class='ocrx_word' id='word_1_538' title='bbox 411 4471 450 4521; x_wconf 88' lang='lat' dir='ltr'>his</span> <span class='ocrx_word' id='word_1_539' title='bbox 467 4473 574 4524; x_wconf 63' lang='lat' dir='ltr'>release)</span> <span class='ocrx_word' id='word_1_540' title='bbox 608 4474 671 4523; x_wconf 88' lang='lat' dir='ltr'>This</span> <span class='ocrx_word' id='word_1_541' title='bbox 682 4475 769 4523; x_wconf 87' lang='lat' dir='ltr'>decree</span> <span class='ocrx_word' id='word_1_542' title='bbox 854 4476 1042 4529; x_wconf 76' lang='lat' dir='ltr'>caepionem.</span> <span class='ocrx_word' id='word_1_543' title='bbox 1055 4512 1061 4525; x_wconf 94' lang='lat'>.</span> <span class='ocrx_word' id='word_1_544' title='bbox 1074 4478 1198 4534; x_wconf 75' lang='lat' dir='ltr'>sustulit,</span> <span class='ocrx_word' id='word_1_545' title='bbox 1213 4475 1343 4525; x_wconf 89' lang='lat' dir='ltr'>‘removed</span> <span class='ocrx_word' id='word_1_546' title='bbox 1355 4476 1398 4527; x_wconf 87' lang='lat' dir='ltr'>the</span> 
     </span>
     <span class='ocr_line' id='line_1_51' title="bbox 195 4536 1312 4605; baseline 0.006 -20"><span class='ocrx_word' id='word_1_547' title='bbox 195 4547 246 4582; x_wconf 72' lang='lat' dir='ltr'>was</span> <span class='ocrx_word' id='word_1_548' title='bbox 268 4536 357 4599; x_wconf 72' lang='lat' dir='ltr'>passed</span> <span class='ocrx_word' id='word_1_549' title='bbox 380 4543 408 4586; x_wconf 91' lang='lat' dir='ltr'>to</span> <span class='ocrx_word' id='word_1_550' title='bbox 427 4546 537 4602; x_wconf 82' lang='lat' dir='ltr'>prevent,</span> <span class='ocrx_word' id='word_1_551' title='bbox 557 4539 580 4591; x_wconf 82' lang='lat' dir='ltr'>it</span> <span class='ocrx_word' id='word_1_552' title='bbox 598 4539 716 4604; x_wconf 86' lang='lat' dir='ltr'>possible,</span> <span class='ocrx_word' id='word_1_553' title='bbox 736 4555 767 4591; x_wconf 82' lang='lat' dir='ltr'>an</span> <span class='ocrx_word' id='word_1_554' title='bbox 819 4554 891 4588; x_wconf 88' lang='lat' dir='ltr'>name</span> <span class='ocrx_word' id='word_1_555' title='bbox 900 4538 929 4587; x_wconf 83' lang='lat' dir='ltr'>os</span> <span class='ocrx_word' id='word_1_556' title='bbox 937 4540 1034 4605; x_wconf 86' lang='lat' dir='ltr'>Caepio</span> <span class='ocrx_word' id='word_1_557' title='bbox 1045 4540 1312 4593; x_wconf 69' lang='lat' dir='ltr'>fromhisstatemeut!</span> 
     </span>
    </p>
   </div>
   <div class='ocr_carea' id='block_1_6' title="bbox 0 0 1520 5542">
    <p class='ocr_par' dir='ltr' id='par_1_7' title="bbox 0 0 1520 5542">
     <span class='ocr_line' id='line_1_52' title="bbox 0 0 1520 5542; baseline 0 0"><span class='ocrx_word' id='word_1_558' title='bbox 0 0 1520 5542; x_wconf 95' lang='lat' dir='ltr'> </span> 
     </span>
    </p>
   </div>
  </div>
 </body>
</html>
