3030 5542
180 349 229 401 nn.
246 330 312 419 98.]

520 337 587 397 AD
609 334 907 397 FAMILIARES
925 337 987 403 lv,
1010 348 1040 419 5·

1318 336 1382 421 4⁶9

181 505 299 571 doles?
322 505 486 590 Quotiens
502 507 535 571 in
551 528 624 572 eam
641 508 878 592 cogitationem
894 529 1025 574 necesse
1040 518 1091 574 est
1105 518 1140 574 et
1154 519 1190 574 tu
1205 511 1334 574 veneris
1348 521 1383 576 et

181 631 240 674 nos
256 631 354 692 saepe
369 612 554 690 incidimus,
569 611 659 676 hisce
674 613 880 696 temporibus
900 633 965 676 non
988 614 1129 696 pessime
1152 635 1227 678 cum
1250 615 1289 678 iis
1311 634 1382 680 esse

181 724 302 791 actum,
328 715 449 798 quibus
475 716 543 780 sine
569 716 684 780 dolore
707 715 834 781 licitum
859 725 909 780 est
933 726 1075 781 mortem
1099 736 1175 782 curn
1198 719 1267 783 vita
1289 738 1380 784 corn·

180 823 333 882 mutare?
378 817 469 902 Quid
484 829 597 884 autem
613 821 681 883 suit.
690 820 780 902 quod
800 819 890 884 illam
906 820 969 885 hoc
985 829 1135 902 tempore
1147 821 1190 886 ad
1202 822 1379 887 vivendum

181 941 303 1003 magno
319 942 418 1006 opere
434 923 573 987 invitare
588 928 725 1005 posset?
748 944 834 1006 quae
850 929 924 987 res?
948 943 1033 1005 quae
1048 929 1149 1006 spes?
1171 926 1261 1008 quod
1278 926 1379 990 animi
1394 958 1409 1009 5

180 1025 359 1091 solacium?
384 1026 433 1091 Ut
444 1047 519 1090 cum
531 1025 643 1111 aliquo
654 1026 869 1091 adulescente
881 1027 1036 1109 primario
1047 1028 1223 1093 coniuncta
1234 1038 1378 1094 aetatem

179 1135 326 1211 gereret?
343 1130 487 1194 Licitum
500 1141 550 1195 est
566 1131 636 1205 tibi,
649 1130 757 1206 credo,
769 1151 829 1214 pro
839 1139 896 1194 tua
908 1131 1070 1213 dignitate
1079 1151 1123 1193 ex
1135 1130 1199 1197 hac
1208 1132 1379 1197 iuventute

179 1252 337 1315 generum
368 1233 521 1318 deligere,
548 1236 639 1298 cuius
672 1233 750 1298 fidei
773 1232 894 1298 liberos
916 1244 993 1298 tuos
1016 1244 1050 1299 te
1072 1244 1147 1299 tuto
1169 1236 1379 1301 committere

179 1336 331 1418 putares!
376 1337 435 1401 An
458 1348 495 1402 ut
518 1358 556 1401 ea
579 1338 699 1402 liberos
719 1359 763 1402 ex
786 1358 859 1402 sese
878 1348 1017 1423 pareret,
1033 1359 1116 1422 quos
1132 1358 1206 1404 curn
1223 1338 1378 1405 florentes

177 1439 304 1504 videret
327 1441 527 1506 laetaretur?
553 1443 609 1526 qui
636 1463 706 1505 rem
729 1463 750 1507 a
772 1453 907 1524 parente
936 1442 1093 1507 traditam
1123 1463 1241 1526 perse
1266 1452 1378 1509 tenere
1394 1476 1425 1514 ro

177 1551 338 1626 possent?
369 1545 510 1610 honores
540 1546 718 1612 ordinatim
745 1547 880 1630 petituri
909 1553 1041 1611 essent?
1067 1548 1100 1610 in
1123 1546 1320 1632 republica,
1343 1549 1377 1613 in

177 1777 252 1826 Corn.
269 1778 335 1842 Nep.
348 1779 413 1829 Cato
429 1792 450 1841 1,
465 1793 477 1827 a
492 1781 592 1844 ‘magni
607 1781 659 1830 eius
675 1796 751 1847 opera

177 1843 316 1893 existimata
327 1845 378 1894 est?

208 1913 264 1957 An.
298 1909 386 1960 Hoim.
400 1911 471 1960 reads
484 1909 553 1971 ‘at3‘
571 1912 621 1962 Mr.
634 1911 670 1960 H.
683 1912 714 1960 Α.
726 1911 750 1976 J.

176 1972 275 2036 Munro,
299 1975 401 2039 Journal
424 1976 454 2025 of
479 1976 621 2042 Philology‚
643 1994 666 2041 4
693 1992 749 2041 249,

176 2038 283 2088 believes
305 2041 358 2090 that
381 2041 483 2091 ‘credo‘
506 2043 527 2091 is
548 2058 565 2093 a
587 2043 693 2092 mistalce
713 2043 751 2092 t'or

176 2104 298 2154 ‘Cicero'
330 2106 376 2156 See
396 2107 444 2157 Mr.
462 2108 543 2172 Jeans'
560 2116 626 2159 note.
660 2108 708 2157 Mr.
727 2109 752 2173 J.

177 2167 206 2217 E.
220 2170 314 2234 Yonge,
327 2172 360 2221 ib.
374 2185 397 2234 5,
410 2186 449 2234 51,
462 2174 555 2237 prefers
567 2176 574 2199 ‘
582 2173 624 2223 at‘

209 2238 293 2284 Illius
313 2239 413 2297 vicem,
434 2239 492 2288 ‘her
511 2238 578 2299 tates
596 2255 625 2288 or
643 2243 690 2288 ‘on
707 2239 751 2290 her

175 2300 296 2350 account.¹
330 2303 377 2366 Cp.
390 2303 437 2366 Ep.
452 2317 491 2367 29,
505 2318 527 2365 1,
539 2312 605 2355 note.

208 2369 307 2425 Credo,
324 2367 437 2429 ironical,
450 2369 587 2434 ‘perhaps‘
606 2369 750 2420 ‘forsooth'

176 2430 224 2496 Cp.
236 2431 285 2481 Pro
296 2432 371 2482 Arch.
386 2448 423 2493 10,
439 2449 451 2483 a
455 2449 478 2498 5.

209 2511 230 2545 1.
248 2501 328 2547 Ettu
337 2503 456 2559 veneria,
467 2500 521 2550 loll.
544 2499 748 2565 Aslightanaco-

174 2561 262 2613 luthon
281 2564 369 2628 (Orell.
386 2581 426 2630 ap.
445 2566 564 2681 Miillepyp
586 2564 750 2616 ‘incidimus’

174 2628 263 2678 should
280 2630 310 2678 be
327 2631 480 2680 co-ordinate
495 2633 527 2680 wi
570 2629 692 2693 ‘veneris'
704 2638 748 2680 not

173 2695 234 2743 with
247 2703 358 2745 ‘necesse
374 2697 426 2746 est.¹
461 2697 550 2747 Hoim.
568 2699 678 2747 remarks
693 2697 748 2746 that

173 2762 268 2809 ‘et-et
277 2759 283 2781 ’
293 2777 350 2825 may
368 2762 400 2811 be
416 2763 614 2827 interpolations,
627 2762 675 2811 and
688 2767 748 2812 ‘nos

171 2840 244 2890 saepe
256 2827 387 2876 incidimus
397 2825 403 2848 ’
415 2828 548 2892 originally
560 2846 576 2879 a
587 2829 747 2895 parenthesis.

172 2891 212 2940 On
232 2892 274 2941 the
295 2892 424 2943 difference
444 2896 553 2944 between
569 2893 681 2944 ‘venire‘
697 2894 747 2943 and

171 2955 311 3018 ‘incidere‚‘
327 2958 440 3008 Oudend.
462 2975 503 3024 ap.
523 2960 616 3010 Miiller
637 2960 747 3009 remarks

171 3023 296 3072 ‘venimus
310 3024 334 3071 in
346 3025 523 3087 cogitationem
538 3027 633 3075 ratione
648 3033 672 3075 et
707 3041 746 3074 ru-

171 3086 269 3138 dentia:
291 3089 422 3138 incidimus
439 3088 513 3140 casu!
547 3091 594 3155 Cp.
614 3090 655 3139 Ad
695 3107 744 3139 am.

172 3167 194 3201 2.
214 3165 237 3213 7,
259 3167 271 3200 2
292 3153 392 3216 <Cicero
413 3162 439 3204 to
459 3155 547 3220 Curio)
566 3157 648 3221 ‘quod
667 3157 692 3204 in
711 3157 745 3206 rei

170 3218 286 3282 publicae
299 3226 398 3285 tempus
409 3237 459 3269 non
471 3221 586 3271 incideris
597 3223 639 3273 sed
652 3223 745 3272 veneris

169 3284 293 3333 —iudicio
316 3288 383 3334 enirn
401 3293 453 3347 tuo,
473 3303 523 3336 non
539 3303 597 3337 casu
618 3289 643 3336 in
663 3289 745 3352 ipsum

170 3348 301 3399 discrimen
327 3367 408 3400 rerum
439 3352 565 3401 contulisti
593 3354 744 3402 tribunatum

169 3413 255 3465 tuum)
296 3417 404 3481 Perhaps
426 3417 552 3482 Sulpicius
573 3435 658 3468 means
682 3423 688 3446 ¹
695 3434 744 3483 yon

169 3489 234 3530 must
251 3480 387 3546 frequently
405 3483 443 3548 [as
459 3499 474 3531 a
492 3483 664 3548 philosopher]
681 3485 745 3534 have

169 3547 264 3595 arrived
277 3557 302 3595 at
315 3547 355 3596 the
368 3550 470 3612 opinion
479 3549 560 3599 which
567 3549 612 3599 has
623 3549 690 3599 osten
703 3565 752 3602 oc-.

168 3613 253 3660 curred
264 3620 292 3662 to
304 3629 343 3661 me
357 3613 382 3676 [a
393 3630 451 3663 man
463 3614 491 3664 os
500 3615 542 3664 the
552 3614 662 3679 world].'

203 3691 224 3727 a.
243 3682 314 3727 cum
342 3682 378 3727 iia
405 3695 467 3730 ease
495 3686 605 3731 notum:
633 3698 673 3747 cp.
695 3681 744 3748 Ep.

201 3757 242 3803 ,1.

167 3756 223 3870 943.
243 3813 310 3858 Sina
320 3809 589 3876 dolors‚⁴naturally,’
597 3811 707 3878 opposed
716 3821 744 3863 to

166 3874 268 3924 adeath
279 3876 312 3938 by
324 3877 441 3926 violence.
475 3877 567 3942 Stipfle.

200 3944 323 3990 Mortem
341 3978 347 3989 .
367 3980 372 3991 .
390 3950 570 3999 commutare,
587 3945 632 3992 ‘to
648 3944 743 3995 receive

167 4005 241 4054 death
264 4008 290 4054 in
313 4007 438 4072 exchange
457 4009 496 4057 ior
516 4007 575 4060 lite)
609 4009 664 4059 The
684 4011 743 4060 verb

167 4087 234 4120 more
252 4073 319 4123 osten
333 4089 418 4122 meana
431 4077 472 4123 ‘to
487 4075 544 4138 give
560 4076 585 4124 in
601 4073 743 4140 exchangn'

165 4137 212 4201 Cp.
228 4138 314 4188 Madv.
328 4141 383 4201 258,
394 4139 454 4188 Obs
468 4155 491 4189 a.

199 4216 220 4265 5.
240 4205 468 4265 Quaeramus
495 4204 740 4270 resentenjoyment?

165 4267 240 4318 Wiel.
276 4271 323 4334 Cp.
339 4275 430 4334 ‘neque
449 4222 531 4320 solum
551 4287 595 4337 spe
614 4272 657 4322 sed
675 4281 741 4324 certa

164 4333 200 4383 re’
212 4335 255 4383 Ad
268 4337 339 4386 Fam.
353 4349 390 4384 11.
405 4350 442 4396 15,
458 4350 480 4385 a.

197 4399 220 4449 6.
239 4404 278 4450 Ut
291 4439 296 4451 .
308 4439 314 4452 .
328 4408 444 4459 gereret.
468 4401 530 4452 This
541 4403 687 4465 clanse‚and
698 4405 740 4456 the

164 4468 317 4518 coordinata
330 4471 372 4518 ‘ut
383 4505 405 4518 ..
418 4467 528 4534 pareret’
540 4470 639 4536 explain
651 4470 741 4537 ‘qnid’

801 1781 826 1829 in
845 1779 922 1845 ‘quid
938 1787 1021 1830 autem
1038 1779 1100 1840 snit}
1116 1780 1179 1839 soll..
1197 1778 1279 1828 which
1296 1779 1318 1829 is
1334 1780 1377 1830 de-

800 1846 907 1910 veloped
919 1846 973 1895 into
985 1850 1064 1911 ‘quae
1075 1849 1129 1896 rest
1146 1860 1210 1910 quae
1221 1846 1311 1910 spesl’

834 1915 905 1961 0u1n
923 1950 930 1963 .
948 1948 954 1961 .
971 1947 978 1961 .
996 1915 1185 1961 adulescente.
1218 1911 1305 1961 Tullia
1327 1910 1378 1961 had

801 1977 925 2042 probably
936 1977 997 2027 been
1014 1977 1092 2026 about
1109 1991 1141 2039 30
1151 1992 1222 2040 years
1238 1976 1283 2026 old
1294 1984 1319 2025 at
1333 1976 1376 2026 the

801 2043 862 2092 time
881 2043 911 2091 oi
928 2043 972 2093 her
990 2042 1072 2092 death.
1107 2043 1153 2106 Cp.
1173 2042 1216 2091 Ad
1234 2042 1288 2091 Att.
1309 2055 1330 2092 1.
1351 2056 1375 2105 3,

802 2122 825 2170 3.
860 2107 1107 2158 ‘Adulescens'was
1122 2125 1138 2157 a
1155 2107 1225 2157 word
1242 2108 1302 2157 used
1318 2123 1377 2171 very

801 2173 898 2236 loosely
916 2174 949 2237 by
969 2173 1011 2223 the
1028 2174 1147 2223 Romans.
1181 2174 1270 2223 Cicero
1287 2173 1376 2238 speaks

801 2240 830 2288 oi
844 2240 933 2288 Brutus
950 2238 999 2287 and
1016 2239 1117 2289 Cassius
1133 2255 1161 2287 as
1177 2237 1375 2288 ‘adulescentes’

801 2304 924 2368 (Philipp.
938 2310 1079 2368 a.44,113)
1091 2311 1118 2353 at
1130 2320 1145 2353 a
1158 2304 1218 2353 time
1229 2304 1301 2352 when
1313 2303 1376 2352 both

799 2386 864 2419 were
875 2378 990 2433 praetors,
1003 2370 1053 2418 and
1064 2369 1135 2418 when
1143 2369 1243 2419 Cassius
1254 2369 1305 2418 had
1317 2368 1375 2417 held

799 2434 1375 2550 stepusrrrmsstttdtsunr

798 2566 863 2630 aged
875 2578 915 2628 43.
949 2565 1060 2630 Philipp.
1075 2579 1096 2615 a.
1107 2564 1149 2628 46,
1163 2565 1219 2616 118.

832 2635 964 2680 Aetatem
994 2637 1111 2691 gereret,
1141 2635 1215 2696 ‘pass
1241 2629 1286 2678 her
1313 2627 1373 2682 tire!

800 2698 907 2761 ‘Ageret
917 2694 924 2717 '
935 2697 1020 2746 would
1031 2698 1062 2747 be
1073 2712 1142 2747 more
1153 2711 1278 2746 common.
1312 2696 1373 2745 For·

798 2762 865 2823 cell„
877 2761 969 2826 Stipfle.

832 2838 853 2890 7.
872 2830 997 2877 Ltottum
1014 2829 1136 2887 esttibi,
1153 2830 1247 2888 oredo,
1258 2825 1324 2885 soll„
1338 2827 1374 2876 ‘it

797 2892 1197 3008 ttl⁰133tt0l0¹r⁰dttl
1211 2891 1372 3006 ‘attat

796 3024 904 3073 manded
922 2994 986 3074 fr'om
1005 3039 1050 3073 our
1069 2974 1167 3088 pregenr
1186 2974 1223 3072 sgt
1243 3023 1272 3071 ol
1287 3038 1372 3087 young

795 3105 933 3139 men-one
957 3090 1033 3139 under
1054 3089 1138 3138 whose
1179 3089 1300 3138 rotection
1322 3104 1372 3152 you

796 3154 881 3204 would
891 3156 963 3205 think
974 3171 1037 3220 your
1047 3154 1115 3204 ehtld
1164 3172 1177 3205 e
1187 3152 1206 3205 l‘
1220 3154 1333 3216 ironical,
1346 3154 1376 3203 oi

795 3236 888 3271 course.

829 3290 991 3337 Iuventate.
1026 3282 1175 3336 ‘Iuventus'
1186 3308 1209 3326 =
1218 3287 1225 3312 ‘
1235 3284 1371 3334 multitudo

794 3350 928 3402 iuvenum)
962 3352 1069 3402 Forcell.

829 3420 851 3468 8.
869 3422 997 3474 Liberos,
1020 3417 1163 3467 sometimes
1184 3417 1245 3465 used
1268 3417 1298 3469 ot
1322 3432 1371 3466 one

795 3483 879 3534 child:
898 3500 937 3549 cp.
958 3484 987 3532 In
1008 3485 1064 3533 Cat.
1085 3496 1105 3531 1.
1125 3497 1149 3540 a,
1166 3496 1182 3545 4
1202 3483 1314 3532 ‘occisus
1333 3490 1371 3532 est

795 3565 851 3598 cum
871 3549 955 3599 liberis
973 3550 1011 3598 M.
1030 3548 1134 3598 Fulvius
1153 3545 1306 3608 consularia'
1321 3548 1337 3596 i.
1346 3564 1368 3599 e.

794 3615 855 3664 with
872 3615 911 3664 his
929 3631 981 3664 son.
1016 3615 1065 3663 But
1084 3614 1106 3662 is
1124 3614 1144 3662 it
1161 3620 1206 3662 not
1226 3613 1319 3677 merely
1334 3614 1369 3662 in·

795 3680 910 3730 definitel
938 3696 976 3729 we
1004 3680 1086 3743 might
1108 3695 1152 3743 say
1176 3681 1285 3729 ‘entrust
1307 3695 1369 3742 your

794 3744 922 3796 children?

827 3826 850 3875 9.
868 3815 914 3859 An
934 3817 967 3860 nt
987 3814 1233 3870 aa..laeta1·etur,
1251 3813 1294 3858 ‘or
1313 3809 1369 3859 that

794 3877 837 3927 she
854 3877 935 3942 might
953 3876 1015 3925 have
1032 3876 1142 3927 children
1159 3877 1184 3924 in
1198 3876 1240 3925 the
1258 3875 1325 3938 sight
1342 3876 1372 3925 os

793 3944 877 3992 whose
889 3943 1025 4007 prosperity
1038 3942 1082 3991 she
1094 3941 1174 4005 might
1184 3941 1273 4004 rejoice
1282 3938 1308 3990 l’
1334 4003 1338 4009 ἡ

827 4012 946 4065 Quoa=‘
957 4017 981 4058 et
995 4008 1058 4057 hos!
1092 4008 1140 4072 Cp.
1152 4007 1199 4070 Ep.
1213 4006 1253 4070 96,
1267 4019 1289 4068 5,
1301 4013 1367 4056 note.

828 4088 866 4124 10.
883 4077 939 4123 Per
950 4089 989 4135 ae,
1001 4075 1039 4122 ‘in
1051 4072 1251 4137 independence‚'
1262 4071 1367 4122 without

792 4140 835 4190 the
847 4141 985 4255 protection
997 4139 1026 4189 ol
1034 4155 1049 4188 a
1061 4147 1148 4203 patron
1159 4137 1218 4187 such
1230 4153 1257 4187 aa
1266 4138 1365 4188 Caesar.

790 4207 1002 4322 Mprprbmt
1014 4270 1059 4320 has
1070 4286 1086 4319 a
1094 4269 1173 4319 future
1181 4283 1258 4329 sense,
1267 4268 1368 4319 ‘would

791 4339 822 4388 be
833 4336 905 4388 able!
938 4338 985 4401 Cp.
999 4336 1083 4386 Madv.
1097 4337 1144 4399 378
1157 4351 1181 4396 a,
1194 4347 1215 4382 a.
1461 4382 1465 4387 ,

825 4407 1014 4454 ordinatim:
1021 4406 1027 4429 ‘
1035 4402 1127 4463 ordine,
1135 4397 1284 4465 composite‘
1294 4398 1366 4464 (For-

791 4470 871 4533 cell.)‚
886 4471 928 4519 ‘in
946 4469 988 4519 the
1006 4469 1078 4519 order
1093 4466 1235 4534 prescribed
1251 4468 1284 4532 hy
1301 4464 1366 4525 law‚'
