3052 5026
151 379 198 427 111³.
218 362 304 447 114]
480 362 546 422 ΑΙ)
567 362 865 424 FAMILIARES
883 362 948 424 XI.
972 360 1023 426 28.
1285 375 1346 444 541

151 546 264 600 tamen
278 556 342 599 non
354 535 493 613 deserui,
505 554 611 618 neque
623 533 747 599 bellum
760 554 920 618 umquam
932 536 1027 601 civile
1035 544 1093 602 aut
1102 537 1204 602 etiam
1214 555 1348 601 causam

151 640 362 703 dissensionis
385 639 534 723 probavi,
549 659 649 721 quam
679 639 780 704 etiam
808 649 999 704 nascentem
1023 641 1192 724 exstingui
1219 660 1349 705 summe

150 745 273 807 studui.
316 744 435 826 Itaque
448 744 480 806 in
491 743 629 807 victoria
638 743 781 807 hominis
793 745 966 808 necessarii
979 765 1084 827 neque
1093 745 1227 809 honoris
1242 765 1349 827 neque

151 848 308 929 pecuniae
331 847 506 912 dulcedine
531 867 605 910 sum
631 857 756 929 captus,
775 848 895 928 quibus
921 848 1075 932 praemiis
1098 847 1222 930 reliqui,
1240 848 1348 913 minus

150 952 240 1032 apud
255 972 330 1015 eum
347 971 447 1033 quarn
462 972 526 1034 ego
541 971 617 1014 cum
634 960 776 1033 possent,
793 951 1012 1016 immoderate
1021 962 1098 1016 sunt
1106 953 1209 1016 abusi.
1231 951 1348 1035 Atque
1362 970 1376 1023 ⁵

149 1055 250 1118 etiam
267 1076 318 1118 res
333 1054 500 1119 familiaris
515 1076 588 1119 mea
604 1055 678 1137 lege
694 1053 843 1119 Caesaris
864 1055 1036 1120 deminuta
1058 1067 1118 1134 est,
1134 1056 1227 1120 cuius
1249 1056 1348 1121 bene·

150 1157 224 1222 ficio
254 1159 408 1241 plerique,
438 1160 494 1242 qui
526 1158 675 1223 Caesaris
713 1169 820 1224 morte
850 1159 1023 1233 laetantur,
1053 1170 1278 1224 remanserunt
1315 1161 1348 1222 in

150 1262 294 1327 civitate.
341 1262 476 1327 Civibus
496 1263 593 1327 victis
608 1272 645 1326 ut
660 1272 857 1344 parceretur,
872 1283 977 1346 aeque
999 1283 1038 1327 ac
1060 1285 1122 1346 pro
1145 1283 1219 1327 mea
1241 1263 1348 1328 salute

119 1381 136 1428 s
150 1365 306 1430 laboravi.
352 1366 490 1431 Possum
510 1366 617 1449 igitur,
633 1366 689 1448 qui
710 1386 826 1430 omnes
843 1366 1002 1430 voluerim
1022 1367 1211 1443 incolumes,
1226 1388 1312 1444 eum,
1327 1389 1348 1431 a

150 1490 217 1550 quo
239 1470 272 1531 id
295 1470 508 1551 impetratum
532 1480 592 1546 est,
608 1469 730 1550 perisse
754 1489 821 1533 non
845 1470 1033 1552 indignari?
1056 1491 1132 1533 cum
1155 1472 1347 1554 praesertim
1363 1489 1394 1524 10

150 1574 236 1636 idem
253 1573 402 1637 homines
417 1573 464 1636 illi
480 1584 513 1638 et
530 1573 673 1636 invidiae
695 1583 729 1638 et
748 1573 853 1637 exitio
877 1572 1007 1639 fuerint.
1051 1574 1225 1639 ‘Plecteris
1247 1571 1345 1656 ergo,'

150 1678 304 1759 inquiunt
320 1679 492 1759 ‘quoniam
509 1678 633 1740 factum
649 1686 797 1740 nostrum
816 1677 1005 1758 improbare
1019 1678 1140 1742 audes.’
1187 1678 1218 1743 Ο
1234 1700 1346 1762 super-

149 1781 237 1844 biam
255 1781 446 1856 inauditam,
461 1781 545 1844 alios
561 1781 594 1843 in
610 1780 752 1845 facinore
766 1779 908 1863 gloriari,
926 1780 999 1845 aliis
1020 1802 1061 1844 ne
1079 1781 1190 1845 dolere
1210 1783 1346 1865 quidem

149 1886 310 1967 impunite
331 1884 448 1949 licerel
473 1895 508 1949 at
533 1885 614 1948 haec
637 1884 737 1948 etiam
759 1885 861 1947 servis
884 1904 1013 1968 semper
1032 1884 1134 1949 libera
1155 1885 1294 1962 fuerunt,
1309 1895 1349 1949 ut

148 1990 311 2066 timerent,
327 1990 517 2072 gauderent,
534 1987 684 2051 dolerent
700 2008 761 2050 suo
777 1988 888 2069 potius
910 2008 1011 2071 quam
1034 1986 1168 2052 alterius
1187 1989 1345 2067 arbitri03
1362 2007 1390 2059 15

148 2113 234 2176 quae
248 2112 343 2170 nunc,
359 2102 396 2156 ut
411 2093 546 2175 quidem
562 2091 615 2155 isti
631 2091 783 2154 dictitant
801 2090 963 2156 libertatis
974 2103 1135 2169 auctores,
1149 2102 1238 2156 metu
1252 2093 1346 2157 nobis

117 2207 347 2277 textorquere
362 2206 533 2260 conantur.
566 2194 634 2259 Sed
649 2194 729 2258 nihil
744 2205 858 2277 agunt.
889 2196 1020 2261 Nullius
1036 2216 1194 2278 umquam
1210 2197 1345 2278 periculi

149 2300 327 2363 terroribus
351 2300 394 2362 ab
419 2299 526 2363 officio
551 2308 609 2362 aut
637 2300 679 2361 ab
703 2297 911 2363 humanitate
934 2300 1137 2379 desciscam;
1163 2321 1344 2382 numquam

149 2404 237 2468 enim
264 2404 438 2466 honestam
464 2412 605 2467 mortem
636 2401 836 2484 fugiendam,
861 2423 960 2485 saepe
990 2404 1090 2468 etiam
1121 2407 1345 2488 oppetendam

148 2507 268 2591 putavi.
314 2505 381 2571 Sed
403 2507 459 2587 qui
485 2506 564 2569 mihi
589 2515 792 2581 succensent,
814 2506 841 2569 si
868 2506 901 2569 id
924 2516 1015 2589 opto,
1038 2517 1076 2570 ut
1098 2508 1265 2589 paeniteat
1287 2529 1345 2573 eos
1360 2536 1392 2573 ιο

147 2612 196 2674 sui
220 2610 322 2675 facti?
341 2610 439 2692 cupio
462 2611 550 2673 enim
574 2608 726 2673 Caesaris
749 2620 891 2674 mortem
915 2612 1066 2675 omnibus
1089 2631 1160 2674 esse
1181 2613 1344 2676 acerbam.

148 2715 218 2778 ‘At
244 2715 350 2777 debeo
376 2735 437 2797 pro
463 2713 550 2777 civili
581 2724 676 2796 parte
706 2734 774 2778 rem
805 2715 972 2796 publicam
1001 2715 1085 2779 velle
1115 2713 1257 2780 salvam'
1304 2717 1344 2780 Id

146 2819 280 2899 quidem
304 2839 357 2882 me
386 2838 516 2900 cupere,
537 2818 597 2882 nisi
622 2827 655 2881 et
681 2829 854 2883 anteacta
876 2820 944 2883 vita
966 2830 1001 2885 et
1023 2819 1149 2902 reliqua
1172 2841 1246 2884 mea
1268 2842 1344 2904 spes

181 3018 201 3055 1.
220 3008 338 3054 oausam
358 3007 551 3054 dlucnaionia.
593 3005 721 3069 Probably
801 3009 981 3067 Intaolnorc,
995 3008 1086 3057 ‘about
1096 3006 1160 3055 their
1171 3007 1262 3058 crime!
1295 3009 1343 3074 Cp.

146 3069 177 3119 he
200 3086 284 3119 means
306 3069 418 3119 Caesar’s
440 3070 515 3120 claim
534 3078 561 3119 to
581 3071 658 3120 retain
677 3071 720 3123 the
768 3071 815 3137 Ep.
827 3071 866 3133 36,
881 3085 919 3134 13,
932 3081 997 3123 note.

145 3144 306 3199 government
324 3137 353 3185 of
367 3136 442 3186 Gaul.
803 3151 840 3201 14
858 3141 1012 3200 Impunita,
1029 3153 1135 3203 appears
1151 3145 1178 3187 to
1195 3154 1270 3188 occur
1285 3141 1343 3190 here

181 3215 202 3249 a.
221 3204 321 3260 Quam,
335 3218 368 3252 sc.
381 3200 591 3251 ‘dissensionem’
619 3201 674 3266 Cp,
687 3217 720 3251 on
768 3203 834 3267 only.

145 3267 211 3379 ivm
226 3267 332 3324 follows,
343 3274 401 3315 note
413 3283 445 3316 on
458 3271 471 3325 l
485 3280 499 3328 3
512 3268 541 3316 of
552 3267 594 3317 the
606 3268 721 3333 previous
767 3272 895 3383 Mlgm’g
903 3272 911 3296 ‘
919 3268 962 3383 iic
972 3268 1103 3332 following
1114 3268 1260 3333 privileges)
1294 3271 1342 3336 Cp.

155 3341 223 3382 efter.
797 3350 852 3383 av.
943 3371 949 3383 .

177 3415 201 3460 4.
219 3401 343 3458 Reliqui,
371 3399 417 3447 i.e.
445 3396 556 3448 Caesar’s
583 3399 655 3448 other
675 3398 720 3447 ad·
799 3403 839 3449 Ut
855 3348 1005 3451 assistent:
1025 3414 1065 3464 cp.
1082 3400 1168 3451 Madv.
1186 3411 1286 3465 374,0n
1300 3402 1343 3452 the

144 3463 248 3514 herents.
767 3467 943 3514 construction.

177 3528 200 3578 6.
226 3532 301 3587 Lago
324 3532 465 3580 oneraria:
491 3543 530 3595 cp.
556 3533 569 3588 ς
591 3538 604 3592 7
629 3529 658 3578 of
676 3529 720 3579 the
802 3529 839 3578 16.
857 3534 898 3580 Ut
922 3533 1037 3588 quidem
1059 3566 1065 3578 .
1088 3564 1095 3577 .
1119 3535 1257 3590 auctores,
1285 3533 1341 3582 ‘the

144 3595 258 3658 previous
275 3595 354 3643 letter.
767 3596 876 3654 authors,
897 3611 924 3644 as
946 3597 1005 3659 they
1028 3595 1122 3660 profess
1140 3597 1297 3658 themselves,
1315 3598 1344 3647 of

178 3662 263 3709 cuius
286 3660 350 3723 legis
371 3662 508 3709 beneflcio
532 3696 538 3708 .
566 3664 719 3711 ,civitate
767 3660 873 3725 liberty)
908 3661 937 3710 In
954 3662 1093 3720 substance,
1110 3661 1187 3712 Andr.

144 3725 221 3788 Many
243 3725 412 3774 embarrassed
434 3742 490 3774 men
512 3741 576 3775 were
598 3726 721 3790 probably
799 3730 887 3784 Meua,
905 3727 955 3789 ‘by
972 3726 1155 3776 intimidation!
1190 3729 1198 3754 ⁴
1205 3727 1288 3777 Metus
1300 3744 1339 3778 ac·

143 3791 248 3840 relieved
265 3792 298 3854 by
315 3789 426 3839 Caesar's
443 3790 585 3854 legislation
602 3791 665 3840 from
677 3792 719 3842 the
766 3792 856 3857 cipitur
866 3800 919 3841 tum
931 3793 1009 3841 active
1021 3804 1074 3841 tum
1143 3791 1198 3841 ive!
1232 3794 1339 3843 Forcell.

143 3855 588 3972 neihffiiiiigrirgiihfuihfrroauilgome
605 3921 634 3970 of
648 3922 719 3972 those
766 3939 781 3972 o
801 3857 1341 3972 &mrsffi’aapp'pze‘ne71n1,’=‘rmstra

142 3988 224 4035 whom
235 3988 422 4052 Caesarspared
434 3987 586 4051 apparently.
609 3988 719 4051 Perhaps
782 3939 838 4036 pir.
857 3992 966 4045 Cupio.
985 4025 991 4036 .
1007 3992 1141 4037 acerbam.
1176 3990 1227 4038 For
1237 3989 1286 4038 this
1297 4007 1340 4040 use

142 4053 243 4101 Cassius
266 4069 323 4116 may
347 4053 377 4101 be
399 4053 533 4116 especially
555 4053 660 4102 referred
682 4062 717 4103 to.
765 4053 927 4104 oftheaocus
935 4053 1340 4118 andinfin.,cp.p.100,l.6,note.

142 4118 254 4167 Cacsar's
268 4118 311 4167 old
326 4119 446 4182 partisans
461 4135 519 4181 may
533 4118 596 4167 have
607 4119 668 4168 been
680 4119 717 4168 of·
800 4133 838 4168 aa.
855 4122 912 4169 Pro
929 4122 1009 4169 civili
1025 4126 1112 4177 parta,
1133 4123 1177 4169 ‘as
1193 4121 1266 4170 much
1282 4137 1340 4171 asa

142 4183 230 4232 fended
243 4184 718 4246 bytheconsiderationheshowedfor
765 4185 851 4234 citizen
874 4182 937 4234 can!
969 4184 1064 4234 Emest.
1086 4201 1127 4248 ap.
1151 4185 1257 4246 Matth.;
1279 4188 1340 4250 ‘pro

142 4249 205 4297 their
214 4257 365 4313 opponens,
382 4264 414 4297 on
425 4249 506 4299 which
517 4249 611 4314 cpEp.
624 4263 665 4313 91,
680 4263 717 4299 10.
764 4251 824 4300 civis
841 4248 940 4300 officio!
971 4250 1067 4299 Manat.

175 4317 232 4373 1111,
246 4315 296 4362 dat.
330 4314 422 4378 Siipfle.
797 4319 869 4373 Ram
890 4319 1033 4374 publicam
1054 4319 1129 4365 valla
1149 4319 1263 4366 salam.
1297 4318 1339 4367 On

177 4392 213 4427 12.
232 4380 448 4437 Inqmunu‘the
460 4380 596 4430 murderers
607 4379 667 4444 say!
763 4381 806 4431 the
824 4381 942 4431 omission
963 4381 992 4430 of
1008 4380 1094 4441 ‘esse’
1111 4397 1150 4446 cp.
1173 4382 1257 4431 Madv.
1282 4384 1338 4447 396,

177 4459 214 4506 ¹³·
232 4449 477 4503 Aiiomloriari.
495 4445 717 4512 infinexpressing
763 4447 824 4496 Obs
845 4462 873 4506 1;
890 4448 989 4511 Zumpt,
1007 4447 1036 4499 L.
1055 4448 1087 4496 G.
1104 4446 1161 4496 611.

141 4510 303 4575 indignation
337 4510 386 4576 Cp.
395 4511 442 4576 Ep.
456 4524 495 4577 11,
509 4525 532 4576 1,
543 4519 608 4565 uota.
799 4526 838 4576 ²³·
854 4515 977 4572 Reliqua
996 4548 1003 4562 .
1023 4527 1118 4576 .apaa,
1141 4517 1199 4578 ‘my
1215 4512 1282 4580 hope
1302 4513 1340 4563 for
