3030 5542
191 826 257 906 566
532 823 583 884 nl.
608 822 770 884 mm
789 821 1047 886 CICERONIS
1254 816 1358 910 [rm
1373 839 1405 884 r.

191 998 220 1060 si
237 1018 279 1060 ne
295 996 327 1059 in
345 996 401 1059 illa
415 998 549 1080 quidem
569 1018 613 1073 re,
624 1018 711 1080 quae
725 1019 745 1059 a
759 1010 795 1061 te
808 1006 903 1079 gesta
917 1008 968 1059 est
983 1008 1059 1079 post
1074 995 1249 1059 hominum
1266 1016 1401 1059 memo-

193 1101 276 1163 riam
293 1102 448 1175 maxima,
464 1101 668 1164 hortatorem
684 1102 887 1163 desiderasti.
913 1099 999 1164 Illud
1015 1112 1127 1163 tamen
1138 1100 1283 1163 breviter
1293 1101 1430 1182 signi-2

193 1204 358 1267 ficandum
374 1206 513 1281 ridetur,
523 1205 684 1287 populum
696 1205 885 1267 Romanum
894 1205 1008 1267 omnia
1018 1216 1400 1286 ateuspectareatque

193 1309 227 1371 in
243 1319 276 1370 te
291 1308 470 1388 aliquando
483 1310 713 1391 reciperandae
727 1308 890 1372 libertatis
900 1329 1035 1371 omnem
1046 1328 1140 1388 spem
1153 1329 1287 1391 ponere.
1332 1308 1397 1370 Tu.

164 1412 220 1486 ssi
240 1412 310 1474 dies
326 1423 504 1494 noctesque
521 1414 717 1488 memineris,
731 1414 823 1493 quod
844 1424 878 1474 te
899 1411 1005 1474 iacere
1027 1424 1118 1476 certo
1140 1413 1218 1486 scio,
1233 1426 1397 1494 quantam

195 1536 264 1578 rem
287 1517 436 1597 gesseris,
452 1537 517 1579 non
538 1516 732 1578 obliuiscere
753 1515 911 1597 proiecto,
930 1526 1076 1598 quantae
1097 1517 1159 1578 tibi
1182 1516 1284 1579 etiarn
1308 1535 1399 1577 nunc

193 1622 359 1703 gerendae
376 1620 459 1683 sint:
482 1620 509 1682 si
531 1620 620 1682 enirn
644 1621 707 1682 iste
730 1620 930 1701 provinciam
952 1630 1068 1683 nactus
1090 1620 1162 1692 erit,
1184 1621 1237 1681 cui
1258 1620 1399 1701 quidem

192 1743 257 1805 ego
271 1744 402 1805 semper
411 1725 538 1786 amicus
547 1722 593 1785 sui
604 1736 691 1799 ante,
701 1743 801 1804 quam
814 1723 907 1786 illum
917 1723 1064 1786 intellexi
1081 1744 1147 1786 non
1159 1724 1261 1785 modo
1272 1734 1400 1805 aperte,

194 1827 255 1890 sed
271 1829 372 1890 etiam
388 1826 528 1890 libenter
540 1846 616 1889 cum
633 1827 817 1910 republica
831 1825 954 1889 bellum
977 1848 1101 1908 gerere,
1116 1847 1211 1908 spem
1232 1827 1397 1908 reliquam

152 1928 320 1993 nonullam
336 1932 433 1993 tideo
448 1930 572 1993 salutis
617 1930 729 2012 Quam
745 1931 791 1994 ob
806 1952 875 1994 rem
890 1943 925 1994 te
939 1931 1075 1994 obsecro
1094 1932 1211 1993 iisdem
1234 1931 1429 2013 precibuss

194 2034 316 2116 quibus
329 2047 463 2098 senatus
478 2033 687 2117 populusque
698 2034 879 2109 Romanus,
888 2044 925 2095 ut
941 2033 973 2095 in
989 2044 1187 2116 perpetuum
1200 2055 1270 2097 rem
1287 2036 1399 2118 publi-

195 2157 268 2200 cam
300 2138 473 2200 dominatu
503 2140 595 2220 regio
626 2139 754 2213 liberes,
776 2148 814 2201 ut
844 2138 1011 2221 principiis
1040 2138 1248 2201 consentiant
1274 2140 1400 2202 exitus

195 2239 308 2302 Tuum
331 2252 380 2303 est
403 2241 466 2304 hoc
489 2261 617 2317 munus,
639 2254 716 2305 tuae
738 2252 873 2322 partem
894 2261 915 2302 a
939 2251 972 2303 te
995 2240 1058 2303 hoc
1080 2242 1199 2304 civitas
1213 2240 1266 2303 vel
1281 2263 1402 2306 omnes

195 2344 308 2424 potius
321 2356 438 2425 gentes
454 2365 520 2406 non
538 2357 734 2428 exspectant
746 2345 929 2420 solum,sed
948 2345 1049 2407 etiam
1065 2344 1256 2427 postulant:
1278 2366 1402 2426 quam·

155 2465 306 2528 e5quam,
327 2467 404 2509 cum
430 2447 617 2512 hortatione
639 2470 705 2512 non
727 2470 834 2530 egeas,
852 2460 888 2510 ut
910 2468 1009 2530 supra
1031 2448 1156 2530 scripsi,
1171 2469 1236 2510 non
1261 2460 1338 2512 utar
1360 2471 1401 2513 ea

196 2549 345 2632 pluribus
362 2552 471 2614 verbis
486 2574 494 2628 ;
516 2551 634 2615 faciam
651 2553 742 2629 illud,
758 2555 848 2634 quod
864 2572 974 2616 meum
990 2560 1049 2626 est,
1065 2562 1102 2614 ut
1117 2551 1177 2614 tibi
1193 2553 1306 2615 omnia
1323 2574 1402 2617 mea

196 2653 313 2729 officia,
328 2655 447 2731 studia,
462 2675 565 2730 curas,
584 2658 801 2738 cogitationes
817 2656 979 2739 pollicear,
992 2675 1077 2736 quae
1092 2656 1135 2716 ad
1152 2667 1244 2718 tuam
1262 2656 1401 2720 laudem

196 2767 230 2820 et
245 2755 387 2840 gloriam
403 2759 623 2840 pertinebunt.
669 2760 780 2842 Quam
796 2762 841 2823 ob
857 2780 926 2822 rem
941 2759 1040 2822 velim
1052 2758 1114 2821 tibi
1130 2759 1176 2820 ita
1188 2762 1402 2840 persuadeas,

198 2881 345 2924 mecum
365 2863 409 2925 rei
430 2863 582 2946 publicae
604 2864 912 2946 causaquaemihi
933 2863 1001 2925 rita
1024 2882 1098 2924 mea
1121 2873 1171 2925 est
1195 2863 1309 2941 carior,
1327 2876 1403 2928 tum

154 2988 185 3022 ιο
198 2965 287 3045 quod
304 2966 364 3029 tibi
384 2967 446 3050 ipsi
462 2965 589 3030 faveam
606 2977 765 3050 tuamque
780 2968 977 3050 dignitatem
997 2965 1192 3048 amplificari
1209 2967 1319 3042 velim,
1334 2970 1404 3033 tuis

198 3070 334 3151 optimis
349 3071 502 3148 consiliis,
518 3072 738 3155 amplitudini,
753 3071 878 3155 gloriae
892 3071 983 3134 nullo
998 3070 1072 3135 loco
1086 3068 1287 3133 defuturum.

388 3243 460 3305 124.
512 3239 560 3308 To
583 3239 626 3326 Q
652 3239 855 3328 Cornificius
875 3239 947 3326 (Ad
963 3242 1056 3305 Fam.
1072 3242 1129 3305 xii.
1147 3239 1212 3326 22).

492 3384 555 3432 Exn
572 3395 607 3431 or
626 3384 792 3459 Drcrunna,
808 3398 842 3444 44
859 3393 916 3430 nc.
935 3381 994 3444 (7¹0
1011 3383 1115 3445 μω).

234 3503 253 3538 1.
271 3491 336 3540 Iarn
352 3491 465 3555 carrying
478 3507 510 3540 on
525 3508 556 3539 an
573 3490 678 3555 nnequal
692 3498 785 3540 contest
796 3491 893 3554 aguinst
904 3491 1014 3552 antony.
1050 3503 1071 3540 2.
1089 3490 1137 3539 We
1152 3505 1194 3539 are
1209 3488 1281 3553 srdly
1292 3489 1319 3538 in
1332 3500 1401 3539 want

197 3568 227 3616 ol
242 3568 351 3626 leudem
369 3570 448 3618 Pansa
464 3569 486 3618 is
502 3585 558 3632 very
568 3569 627 3618 vell
639 3569 763 3633 disposed,
776 3570 821 3617 bnt
833 3569 931 3616 Hirtius
945 3568 1119 3631 isreouvering
1129 3567 1218 3630 slowly
1230 3567 1294 3616 irom
1309 3584 1344 3616 au
1359 3570 1401 3618 ill-

198 3661 259 3695 ness
297 3646 309 3694 1
321 3647 372 3695 will
384 3648 417 3695 do
429 3646 464 3695 all
476 3646 488 3695 1
501 3663 546 3696 can
559 3647 598 3695 ior
609 3663 665 3710 you.
700 3662 723 3709 3.
740 3648 780 3696 On
797 3646 839 3695 the
858 3646 916 3695 roth
932 3646 975 3694 the
991 3655 1074 3695 senate
1090 3645 1202 3710 adopted
1214 3661 1255 3709 my
1266 3647 1404 3710 proposals

234 3791 254 3824 r.
273 3777 376 3825 sr=‘ri
398 3775 516 3841 quidem?
558 3778 604 3843 Cp.
624 3778 653 3825 ln
673 3778 730 3825 Cat.
752 3791 771 3823 ι.
858 3789 896 3824 12.
913 3780 953 3824 Ut
969 3779 1128 3835 principiis,
1145 3775 1209 3835 soll„
1228 3778 1273 3825 ‘so
1289 3775 1345 3826 that
1359 3777 1404 3827 the

198 3854 223 3902 3,
234 3838 250 3888 6
262 3844 269 3868 ‘
279 3841 299 3889 ri
311 3857 390 3905 neque
402 3858 450 3890 nor
462 3842 568 3891 tenebris
578 3844 708 3892 obscurare
717 3858 772 3891 coe·
823 3841 887 3891 issue
900 3842 930 3889 oi
943 3857 1005 3905 your
1020 3842 1152 3905 mterprise
1170 3842 1224 3902 (the
1241 3857 1361 3906 renovery
1375 3844 1408 3892 ol

197 3913 237 3955 tus
248 3905 370 3955 nefarios.
384 3943 390 3954 .
403 3906 500 3971 potest!
824 3906 945 3968 freedom)
965 3923 1023 3971 may
1039 3923 1112 3970 agree
1130 3907 1191 3956 with
1211 3907 1243 3955 its
1262 3908 1404 3972 beginning

231 3972 267 4018 1n
284 3974 335 4020 ills
353 4009 360 4020 .
379 4009 385 4020 .
403 3987 441 4033 re,
460 3973 505 4022 ie.
526 3974 549 4021 in
568 3972 612 4023 the
631 3974 729 4022 murder
748 3974 777 4022 oi
824 3972 879 4033 (the
891 3973 965 4021 death
976 3972 1005 4020 oi
1017 3970 1137 4027 Caesar?
1170 3972 1210 4021 On
1226 3971 1269 4022 the
1285 3974 1365 4022 mood
1376 3976 1407 4024 oi

198 4036 296 4086 Caesar.
826 4036 1011 4093 ‘consentiant’
1023 4054 1063 4101 ep.
1074 4054 1098 4101 p.
1114 4051 1167 4098 103,
1179 4045 1237 4086 note
1249 4053 1282 4086 on
1294 4038 1312 4086 l.
1327 4050 1351 4088 1.

233 4115 254 4148 a.
273 4105 405 4152 stlms.
429 4104 453 4151 Α
469 4103 618 4167 superlative
632 4103 728 4154 defined
740 4104 774 4168 by
860 4116 896 4163 ¹3·
915 4107 1017 4152 Omnes
1035 4107 1130 4160 potius
1149 4110 1256 4161 mutua
1301 4103 1403 4169 Hyper-

198 4167 379 4232 arelutivepro
398 4168 487 4217 osition
501 4171 520 4219 is
532 4179 576 4234 put
588 4171 612 4217 in
621 4170 663 4219 the
671 4170 773 4219 relative
823 4169 924 4228 boliual,
938 4169 987 4216 and
1004 4185 1064 4217 even
1080 4169 1200 4227 salse‚ior
1216 4168 1236 4216 it
1252 4184 1310 4232 may
1325 4171 1403 4234 prob·

198 4231 288 4282 clause.
324 4235 367 4282 Ma
387 4251 408 4284 v.
424 4247 479 4294 320,
492 4235 552 4283 Obs.
822 4234 882 4297 ably
894 4235 923 4283 be
935 4234 1038 4283 inferred
1051 4235 1114 4282 from
1126 4234 1186 4284 Tae
1198 4235 1264 4284 Anu.
1276 4247 1297 4281 r.
1310 4248 1334 4294 2,
1345 4236 1403 4286 that

231 4301 316 4359 Illud,
329 4300 446 4363 referring
460 4308 487 4348 to
502 4300 569 4350 what
585 4300 690 4349 follows.
724 4301 772 4365 Cp.
823 4300 865 4349 the
877 4300 1006 4364 provinoes
1016 4315 1080 4348 were
1091 4300 1116 4349 in
1128 4316 1202 4362 many
1218 4314 1287 4349 cases
1301 4299 1403 4351 favour-

199 4363 245 4477 ΕΚ.
259 4378 281 4426 5,
295 4378 318 4426 3,
329 4374 394 4414 note.
428 4370 468 4413 On
486 4365 527 4415 the
543 4382 623 4416 aecus
639 4366 688 4415 and
704 4366 772 4415 iniin.
821 4366 878 4415 able
890 4374 917 4414 to
929 4364 1028 4415 Caesar.

198 4445 220 4478 rr
238 4445 279 4479 ere
297 4448 328 4479 an
348 4431 432 4480 actual
454 4431 503 4481 laet
522 4432 542 4479 is
559 4432 647 4489 stated,
667 4432 716 4479 aud
735 4447 772 4480 we
858 4444 896 4492 15·
914 4434 985 4479 Utar
996 4446 1036 4488 oa,
1047 4446 1081 4482 sc.
1092 4429 1248 4480 ‘hortatione
1257 4429 1404 4482 'n‘hurtm

198 4494 278 4558 might
298 4505 384 4561 expect
405 4495 503 4561 ‘quod’
521 4497 582 4545 with
601 4498 643 4547 the
663 4497 771 4555 indicat,
823 4494 884 4546 bor!

198 4576 237 4627 cp.
250 4560 334 4611 Madv.
348 4564 394 4626 398
406 4564 431 4621 b,
443 4562 505 4612 Obr.
520 4575 541 4611 r.
859 4561 896 4611 16.
914 4565 1050 4611 Pluribus
1061 4564 1165 4620 verbis,
1176 4560 1252 4610 ablat
1266 4562 1345 4610 modi.

231 4643 254 4690 4
272 4626 601 4686 Aliquandoa‘tandem!
635 4628 742 4678 Forcell.
856 4631 971 4677 Fauiam
982 4631 1056 4676 illud
1068 4663 1074 4675 .
1088 4665 1093 4676 .
1106 4634 1146 4688 ut,
1160 4626 1231 4677 roll:
1245 4643 1286 4692 cp.
1298 4626 1349 4692 Ep.
1362 4627 1401 4687 ι6,

232 4702 254 4756 7.
273 4696 341 4753 Isto,
353 4695 460 4757 Antony,
471 4693 529 4743 who
540 4710 591 4743 was
603 4696 734 4758 preparing
746 4701 773 4742 tn
824 4707 848 4755 a,
859 4701 923 4743 note.

198 4766 270 4806 wrert
279 4759 406 4824 Cisalpine
415 4759 483 4809 Gaul
492 4760 555 4809 from
564 4761 597 4808 D.
607 4762 703 4809 Brutus.
724 4760 772 4823 Cp.
859 4773 897 4807 uo.
915 4762 1047 4818 Pansam,
1064 4757 1137 4821 conj.,
1155 4774 1183 4808 as
1199 4760 1331 4823 represm'
1386 4776 1402 4809 a

198 4823 258 4873 lutr.
271 4831 297 4873 to
309 4824 367 4873 Part
380 4825 437 4883 Ἡ
467 4860 473 4871 .
824 4824 949 4888 supposed
972 4826 1073 4889 opinion
1096 4825 1125 4873 oi
1151 4824 1184 4873 D.
1208 4825 1304 4874 Brutus
1375 4842 1403 4892 p.

232 4892 254 4939 8.
272 4891 396 4939 Amlour.
460 4889 518 4939 oirn
531 4898 619 4955 quotes
631 4889 738 4954 Philipp.
752 4903 773 4937 1.
824 4890 909 4939 Madv.
928 4889 984 4953 368,
1003 4889 1058 4954 369.

198 4969 224 5015 4,
234 4968 276 5012 ro;
287 4956 328 5004 Ad
337 4956 497 5018 Fam.16.r3,
507 4970 527 5004 2.
544 4958 591 5007 See
599 4955 653 5005 also
662 4955 709 5019 Ep.
719 4968 773 5004 110.

86 4994 282 5224 k
