3030 5542
137 388 186 435 aa
203 370 271 457 92·]
477 377 543 438 An
564 375 862 440 FAMILIARES
891 378 943 444 vr.
968 392 996 459 7.
1271 392 1335 463 453

138 543 177 622 ei,
204 544 261 628 qui
291 545 412 629 aliquid
442 550 574 632 scripsit
596 559 712 614 contra
742 570 834 614 suam
867 549 1083 626 voluntatem,
1108 571 1184 614 cum
1215 548 1336 632 ignorit

107 669 123 713 s
137 650 300 727 omnibus,
315 651 371 732 qui
389 649 493 716 multa
509 654 589 716 deos
603 654 748 718 venerati
763 663 839 717 sunt
854 663 969 718 contra
987 655 1056 719 eius
1071 653 1233 718 salutem?
1268 653 1335 719 Sed

138 763 174 816 ut
194 754 313 816 eodem
337 766 488 832 revertar,
503 776 603 820 causa
624 756 706 822 haec
729 758 790 822 fuit
812 757 959 822 timoris:
981 758 1094 841 scripsi
1118 760 1161 822 de
1182 767 1217 822 te
1239 779 1337 842 parce

139 857 267 922 medius
290 857 387 921 fidius
409 868 443 922 et
465 859 591 935 timide,
607 880 674 926 non
698 880 856 926 revocans
879 882 933 925 me
956 861 1036 944 ipse,
1049 863 1107 926 sed
1129 882 1235 945 paene
1251 863 1337 927 resu-

138 961 239 1043 giens.
285 960 398 1025 Genus
429 972 541 1027 autem
575 963 638 1029 hoc
668 966 847 1047 scripturae
874 985 939 1028 non
974 966 1076 1029 modo
1105 964 1257 1042 liberum,
1278 969 1365 1030 sedi

138 1065 311 1129 incitatum
328 1075 429 1148 atque
444 1067 568 1131 elatum
585 1087 656 1131 esse
671 1069 791 1133 debere
805 1068 879 1152 quis
894 1070 1048 1151 ignorat?
1068 1069 1213 1133 solutum
1223 1071 1338 1134 existi-

139 1177 246 1232 matur
269 1190 339 1233 esse
355 1170 448 1233 alteri
465 1169 551 1234 male
572 1172 837 1237 dicere—tamen
857 1174 1040 1236 cavendum
1064 1183 1122 1251 est,
1137 1193 1178 1237 ne
1194 1174 1228 1236 in
1243 1181 1338 1256 petu-

138 1271 275 1336 lantiam
314 1274 505 1351 incidas-;
537 1275 746 1358 impeditum,
773 1295 809 1339 se
839 1276 946 1358 ipsum
977 1277 1121 1355 laudare,
1151 1297 1192 1340 ne
1221 1278 1338 1341 vitium

138 1375 353 1460 adrogantiae
376 1377 595 1460 subsequatur
606 1401 615 1453 3
640 1378 746 1443 solum
768 1399 847 1442 vero
867 1380 1016 1458 libemm,
1033 1379 1173 1445 alterum
1195 1381 1339 1458 laudare,

138 1481 181 1543 de
196 1501 264 1562 quo
279 1481 436 1564 quicquid
453 1482 617 1559 detrahas,
633 1502 766 1547 necesse
782 1493 833 1548 est
848 1493 907 1548 aut
923 1483 1106 1550 infirmitati
1122 1495 1180 1548 aut
1195 1484 1340 1550 invidiae
1355 1509 1385 1544 ιο

138 1585 336 1667 adsignetur.
381 1584 435 1649 Ac
452 1585 562 1649 nescio
579 1605 621 1648 an
636 1586 696 1649 tibi
710 1587 836 1668 gratius
858 1589 1142 1671 opportuniusque
1162 1588 1338 1666 acciderit;

138 1708 215 1751 nam
230 1689 321 1771 quod
336 1687 504 1772 praeclare
520 1689 626 1753 facere
641 1710 708 1754 non
723 1700 885 1774 poteram,
901 1692 1045 1775 primum
1062 1703 1141 1767 erat,
1159 1712 1224 1755 non
1239 1692 1339 1756 attin·

137 1812 215 1875 gere
227 1813 235 1870 ;
267 1794 448 1856 secundum
480 1787 720 1881 [beneficium],
750 1815 852 1877 quam
882 1796 1073 1878 parcissime
1103 1797 1220 1862 facere.
1270 1795 1338 1861 Sed

138 1909 251 1960 tamen
280 1917 343 1979 ego
367 1897 502 1979 quidem
528 1918 582 1960 me
612 1898 772 1978 sustinui;
804 1899 908 1963 multa
939 1900 1051 1979 minui,
1079 1900 1183 1966 multa
1211 1900 1339 1975 sustuli,

139 2001 311 2083 complura
326 2021 367 2064 ne
382 2002 478 2084 posui
494 2001 639 2084 quidem.
685 2002 795 2085 Quem
818 2005 862 2066 ad
886 2004 1023 2067 modum
1047 2004 1157 2086 igitur,
1176 2004 1338 2069 scalarum
1356 2028 1384 2078 15

139 2104 260 2187 gradus
283 2104 311 2167 si
334 2104 417 2169 alios
440 2104 549 2183 tollas,
564 2105 648 2169 alios
675 2106 810 2183 incidas,
826 2126 892 2169 non
918 2107 1026 2171 nullos
1056 2107 1143 2173 male
1166 2107 1339 2172 haerentes

139 2209 311 2288 relinquas,
336 2207 449 2272 ruinae
471 2209 653 2292 periculum
676 2220 793 2287 struas,
813 2230 878 2275 non
901 2230 1073 2274 ascensum
1097 2232 1202 2294 pares,
1220 2211 1264 2276 sic
1287 2221 1339 2274 tot

139 2311 234 2374 malis
250 2321 321 2375 tum
336 2312 482 2376 vinctum
497 2322 570 2377 tum
581 2314 719 2378 fractum
743 2315 889 2378 studium
910 2313 1072 2378 scribendi
1095 2316 1176 2397 quid
1199 2316 1337 2397 dignum

109 2416 273 2482 eauribus
288 2426 345 2481 aut
360 2416 533 2499 probabile
546 2426 657 2500 potest
672 2417 825 2483 adferre?
872 2415 958 2480 Cum
974 2438 1052 2483 vero
1070 2419 1113 2483 ad
1135 2418 1237 2501 ipsius
1255 2416 1339 2482 Cae-

139 2633 183 2666 use
213 2615 243 2666 ol
262 2616 360 2665 ‘mam'
383 2614 434 2666 and
456 2613 536 2666 ‘eius’
559 2617 585 2665 in
608 2617 713 2681 parallel
763 2633 812 2681 yon
823 2616 875 2666 will
888 2616 970 2667 bethe
981 2617 1060 2667 better
1071 2615 1172 2681 pleased
1187 2614 1340 2666 thathave

139 2683 234 2733 clauses
254 2683 275 2732 is
292 2692 397 2746 strange.
442 2682 490 2747 Cp.
512 2682 597 2733 Madv.
618 2697 668 2748 49⁰
690 2698 713 2746 c,
764 2683 818 2733 said
830 2699 859 2732 so
871 2682 934 2732 little
944 2684 1021 2731 about
1032 2681 1099 2746 you!
1187 2737 1192 2752 ι

139 2748 200 2798 Obs.
213 2761 236 2810 3.
800 2762 836 2797 12.
863 2751 991 2797 Primum
1018 2754 1086 2808 erat,
1113 2746 1176 2807 soll,
1204 2750 1262 2810 ‘my
1286 2747 1340 2796 best

175 2829 195 2863 2.
214 2818 271 2863 Sed
299 2819 332 2863 ut
360 2816 460 2863 eodem
487 2819 620 2874 ravenae,
650 2814 714 2864 ‘this
763 2830 907 2864 coursewas
918 2822 962 2862 not
973 2821 1000 2863 to
1012 2814 1121 2863 mention
1132 2828 1182 2877 you
1191 2819 1217 2860 at
1225 2810 1276 2860 all?
1299 2812 1339 2861 On

139 2880 204 2939 then,
214 2889 242 2929 to
254 2888 343 2939 retuun,
352 2896 403 2928 was
414 2880 456 2929 the
468 2896 539 2929 cause
549 2880 579 2928 ol
585 2896 628 2943 my
635 2879 713 2940 sears‚'
763 2881 805 2929 the
813 2880 889 2928 mood
901 2878 944 2928 οἱ·
954 2878 1023 2938 erat,'
1036 2894 1075 2943 cp.
1088 2877 1172 2927 Madv.
1186 2878 1233 2939 348
1245 2893 1267 2938 e,
1279 2877 1340 2926 Obs.

139 2947 281 2995 mentioned
293 2947 317 2993 in
329 2945 372 2994 the
379 2945 470 2995 second
482 2946 531 2995 line
543 2945 572 2994 oi
581 2945 622 2995 the
634 2945 712 2996 letter.
767 2960 776 2994 1
791 2962 797 3004 ;
818 2961 850 2995 on
862 2945 905 2994 the
917 2946 976 3006 lact,
987 2960 1026 3009 cp.
1041 2948 1048 2971 ‘
1059 2943 1146 3008 scripsi
1155 2942 1187 2991 de
1198 2941 1240 3001 te,'
1253 2944 1339 2992 above.

173 3025 195 3072 3.
215 3014 322 3068 scripsi
340 3015 375 3059 de
392 3016 429 3071 te,
447 3011 492 3061 i.e.
504 3011 530 3060 in
547 3010 586 3061 hia
602 3011 670 3060 book
687 3010 717 3060 oi
799 3025 838 3072 13·
858 3013 1029 3072 sanandum,
1039 3013 1046 3038 ‘
1056 3010 1098 3059 the
1106 3015 1165 3058 next
1176 3010 1231 3058 best
1243 3008 1340 3072 thingl

141 3075 269 3140 Querelae.
303 3076 350 3126 See
361 3076 462 3125 Billerb.
764 3076 840 3127 could
851 3077 885 3126 do
896 3077 935 3126 ior
948 3073 1014 3140 you?

172 3159 195 3204 4.
214 3145 281 3190 Non
297 3156 449 3192 revocans.
464 3178 471 3192 .
485 3143 637 3202 mimam,
656 3145 714 3192 ‘not
797 3147 912 3208 Faesus,
923 3142 984 3191 nsed
999 3141 1039 3190 lor
1050 3143 1057 3168 ‘
1067 3137 1203 3204 attingere,'
1220 3146 1248 3190 to
1265 3139 1340 3189 avoid

141 3206 233 3270 merely
244 3206 305 3256 with
317 3223 419 3268 reserve‚
431 3208 475 3256 but
491 3208 583 3258 almost
597 3208 676 3257 afraid
688 3207 718 3257 of
764 3207 902 3273 tautology,
915 3211 958 3256 ‘to
969 3207 1003 3256 do
1014 3204 1058 3256 so?

141 3289 181 3336 my
194 3288 249 3321 own
261 3271 396 3336 thoughts!
422 3273 496 3324 Wiel.
521 3273 713 3324 ‘Revoearese'
800 3288 837 3337 ¹4
855 3277 917 3332 ligo
935 3311 960 3322 ..
978 3270 1339 3336 maaustinul,‘1putare·

146 3339 235 3386 =‘sibi
248 3337 399 3402 temperare!
425 3338 531 3388 Foreell.
557 3340 632 3389 ‘Non
644 3355 712 3389 revo-
765 3341 852 3389 straint
864 3355 930 3404 upon
942 3336 1048 3402 myseli,'
1062 3337 1179 3387 ‘resisted
1190 3353 1233 3400 my
1244 3336 1340 3386 natural

140 3405 193 3453 cavi
206 3419 245 3451 me
257 3413 345 3467 sponte
356 3403 398 3453 sed
410 3403 488 3468 refugi
501 3403 584 3453 metu!
616 3405 712 3456 Manat.
765 3406 871 3469 impulse
882 3412 909 3453 to
920 3404 997 3469 spealr
1015 3403 1090 3466 lreely
1107 3403 1132 3451 iu
1149 3417 1212 3465 your
1229 3400 1340 3451 honour.'

174 3484 197 3532 5.
216 3471 312 3518 Genua
337 3506 342 3517 .
364 3506 369 3517 .
391 3472 445 3518 hoo
473 3474 637 3531 seriptum,
667 3472 713 3521 ie.
765 3466 1100 3521 ‘Sustinere’a‘cohibera’
1133 3466 1239 3516 Forcell.

139 3534 305 3650 ‘Spaplquppg
320 3532 713 3649 bbctriptura'a‘composition!
793 3539 898 3649 'dim'
918 3538 926 3562 ‘
934 3534 1008 3648 rpuch
1025 3534 1055 3619 ol
1068 3532 1135 3583 what
1152 3533 1165 3582 l
1181 3532 1262 3597 might
1278 3531 1341 3582 have

158 3616 191 3648 nu
229 3616 240 3648 s
300 3638 306 3649 .
347 3616 387 3649 rc.
764 3617 799 3651 saa
830 3617 853 3649 in
881 3616 927 3650 our
956 3615 1040 3649 ouour.

171 3666 194 3715 6.
213 3669 369 3716 Inoitatum
378 3672 463 3725 arque
471 3669 587 3729 elatum,
598 3666 714 3732 ‘spirited
799 3617 893 3715 Mindi
909 3703 915 3714 .
935 3704 940 3715 .
959 3668 1071 3726 sustuli,
1084 3665 1100 3713 i.
1108 3680 1129 3714 e.
1143 3665 1168 3713 in
1180 3663 1288 3727 revising
1299 3663 1341 3713 the

139 3732 188 3780 and
199 3731 282 3794 loltyss
764 3733 843 3793 work,
855 3736 861 3758 ‘
871 3732 977 3781 lowered
990 3731 1032 3781 the
1039 3738 1098 3780 tone
1107 3731 1141 3791 ol,
1151 3730 1199 3779 and
1209 3727 1341 3779 removed'

174 3801 305 3846 solutum
322 3800 503 3847 existimatur
528 3832 534 3848 .
564 3835 570 3848 .
595 3801 714 3858 incidas,
801 3812 838 3860 15·
856 3800 901 3846 No
921 3801 1005 3854 posui
1026 3801 1150 3858 quidam,
1168 3796 1198 3844 ‘1
1215 3810 1289 3844 never
1305 3801 1342 3842 set

140 3865 237 3923 ‘satire
247 3870 298 3920 too,
307 3864 327 3912 is
335 3863 393 3912 held
401 3874 427 3912 to
435 3864 496 3913 have
506 3864 598 3913 lieence
607 3863 716 3913 allowed
765 3864 840 3912 down
858 3870 884 3911 at
899 3861 949 3912 all!

140 3930 166 3989 it,
176 3937 216 3992 yet
224 3945 279 3978 care
289 3928 475 3978 mnstbetaken
483 3929 529 3978 lest
541 3929 560 3977 it
569 3928 716 3994 degenerare
802 3927 839 3976 16.
858 3931 953 3977 uonna
972 3966 977 3978 .
996 3966 1002 3978 .
1020 3943 1110 3987 paras.
1145 3927 1185 3976 On
1199 3925 1242 3974 the
1252 3930 1341 3984 tenses,

140 3996 192 4043 into
203 3994 341 4058 scurrility,'
359 3995 409 4043 and
420 4010 449 4043 so
465 3995 485 4044 it
501 3996 523 4043 is
534 3993 583 4043 less
594 3994 643 4043 free
656 3995 716 4043 than
766 4010 805 4059 op.
815 3994 862 4059 Ep.
874 4008 897 4056 5,
912 4008 935 4056 3,
947 4001 1013 4043 note.

139 4061 279 4175 tuitii
291 4059 715 4174 soegeqfflnmngm
766 4070 840 4175 nili
857 4054 1342 4174 {diuinitati‘hilii

301 4143 312 4174 r
492 4163 498 4175 .

171 4193 194 4241 8.
213 4195 394 4251 Impeditum,
408 4187 545 4240 ‘difficolt'
766 4190 884 4253 (Wiel.)l

175 4270 211 4304 10.
224 4260 389 4305 Infirmitati
398 4263 447 4305 aut
455 4259 589 4314 invidias,
600 4258 642 4304 ‘to
650 4262 717 4305 want
800 4258 856 4305 'l'ot
872 4258 954 4304 malis
971 4290 978 4303 .
997 4291 1003 4305 .
1021 4256 1171 4311 scribendi,
1194 4254 1224 4301 ‘a
1240 4251 1342 4314 literary

140 4323 169 4371 ol
176 4323 254 4371 taient
265 4322 363 4383 (Wiel.)
374 4338 403 4371 or
413 4331 439 4371 to
446 4319 577 4385 jealousy?
594 4320 716 4371 ‘Infirmi
767 4329 838 4383 taste,
851 4336 880 4370 or
891 4336 982 4386 power,
995 4319 1097 4370 lettered
1109 4318 1159 4368 and
1174 4316 1296 4382 impaired
1309 4316 1343 4380 by

139 4397 177 4437 tas
188 4389 265 4436 animi
275 4386 281 4407 '
292 4404 343 4437 occ.
357 4388 405 4436 Pro
417 4387 490 4438 Rosc.
502 4390 561 4437 Am.
578 4406 604 4452 4,
618 4400 658 4449 10,
672 4388 716 4437 but
766 4404 795 4438 so
806 4403 880 4451 many
891 4383 1019 4436 disasters.'

139 4463 181 4503 not
194 4454 261 4518 quite
273 4454 297 4501 in
309 4453 359 4502 this
371 4469 447 4503 sense.
801 4467 839 4519 19·
857 4455 1019 4513 Probabile,
1049 4450 1192 4515 ‘deserving
1219 4447 1341 4513 approba·

175 4534 212 4569 11.
232 4523 337 4569 Nescio
348 4535 385 4568 an
397 4556 403 4568 .
417 4556 423 4568 .
436 4521 581 4581 addiderit,
594 4519 717 4586 ‘perhaps
765 4518 834 4570 tion)
869 4516 974 4569 Forceu
