3030 5542
134 408 194 456 ich
479 385 528 444 ir.
558 380 716 441 ituri-'r
738 376 988 440 cressonis
1195 369 1288 458 [nm
1306 389 1325 433 1.

131 571 164 633 in
187 565 235 630 cis
265 561 438 629 Catonem.
460 577 524 639 ego
545 575 624 618 rero
653 560 784 616 tantum
815 549 907 610 illum
938 556 1020 628 puto
1048 544 1091 608 ab
1122 542 1184 607 isto
1206 541 1327 606 scelere

130 672 260 739 afuisse.
278 677 315 730 ut
338 664 484 729 maxime
501 658 634 724 doleam
659 656 733 739 plus
749 653 838 737 apud
859 670 912 713 me
928 649 1168 713 simulationem
1186 647 1325 711 aliorum

131 796 234 862 quam
255 772 349 837 istius
368 767 469 831 fidem
490 763 639 828 saluisse
684 759 819 823 Ceteros
841 756 930 836 quod
957 775 1086 837 purgas,
1102 753 1223 817 debent
1246 750 1325 813 mihi

131 880 265 969 purgati
281 896 362 942 esse.
376 873 439 938 tibi
454 870 482 935 si
495 880 583 933 sunt.
616 864 683 930 Sed
699 863 780 925 haec
794 880 867 922 sero
878 859 1015 942 agimus.
1048 857 1157 921 Crassi
1171 856 1355 922 libertums

102 987 215 1068 ,rnihil
231 998 313 1070 putu
328 982 451 1044 sineere
469 976 626 1039 locutum.
672 967 711 1029 In
731 973 847 1027 senatu
869 983 937 1026 rem
954 963 1058 1044 probe
1073 963 1186 1026 scribis
1205 971 1325 1025 actam.

134 1093 201 1159 Sexi
224 1088 305 1174 quid
329 1084 455 1151 Curio?
475 1098 519 1141 an
542 1074 631 1137 illam
649 1069 832 1132 orationem
851 1087 918 1129 non
941 1065 1044 1148 legit?
1068 1087 1153 1149 quae
1173 1065 1263 1129 unde
1284 1064 1327 1127 sit

132 1198 263 1285 pasl-,m
278 1190 398 1255 notio.
431 1182 499 1247 Sed
510 1177 630 1247 Axius
638 1173 783 1235 eiusdem
799 1170 864 1234 diei
880 1170 1025 1234 scribens
1040 1170 1083 1233 ad
1100 1192 1153 1233 me
1168 1180 1248 1243 acta
1260 1188 1326 1231 non

134 1302 181 1365 ita
200 1294 311 1361 laudat
328 1286 513 1351 tanmem
555 1275 606 1339 At
622 1279 733 1355 potest
755 1270 810 1333 ille
830 1269 955 1352 aliquid
974 1271 1258 1353 praetermittere;
1280 1279 1326 1343 tu,

133 1403 195 1469 nisi
224 1396 314 1483 qud
344 1400 414 1457 erut
444 1380 591 1469 pisseto
618 1395 684 1440 non
714 1374 882 1456 scripsisti.
926 1375 1086 1439 Varronis
1114 1395 1224 1439 sermo
1249 1373 1326 1439 lacit

90 1498 414 1589 reexspthutiunetu
436 1482 594 1557 (amris,
615 1489 715 1562 atque
737 1479 862 1541 utinam
886 1479 957 1560 ipse
971 1479 1081 1543 Varro
1104 1478 1273 1541 incumbat
1294 1478 1326 1540 in

131 1600 284 1675 ructatur!
306 1592 397 1677 quiid
419 1583 565 1669 pnu‘ecto
587 1599 662 1643 cum
685 1600 744 1643 sua
761 1589 888 1661 sponte,
908 1589 981 1641 tum
1004 1591 1038 1643 te
1061 1579 1203 1642 instante
1220 1578 1325 1642 faciet.

135 1708 218 1793 ligur
233 1704 261 1769 si
277 1718 331 1765 tue
343 1688 521 1775 aliquando
537 1683 635 1748 uestri
650 1692 683 1746 et
703 1683 830 1765 patriae
849 1693 1039 1767 compotem
1056 1683 1186 1747 fortuna
1204 1682 1357 1759 iecerit,a

131 1826 222 1879 terte
234 1802 373 1873 ethciaru
386 1804 421 1859 ut
438 1790 585 1857 maxime
596 1786 716 1851 laetere
728 1807 812 1851 unus
826 1809 870 1852 ex
884 1788 1038 1852 omnibus
1051 1789 1176 1862 amicis,
1188 1807 1326 1870 meaque

130 1912 237 1981 «uhtu
277 1918 309 1973 et
339 1897 457 1973 studia,
485 1913 571 1976 quae
599 1912 715 1974 parum
749 1903 847 1956 antea
876 1892 1245 1956 luxerunt-fatendum
1276 1901 1327 1955 est

89 2048 118 2087 u
130 2016 270 2086 euius-.
284 2008 329 2071 sic
343 2019 513 2083 exsequar,
530 2006 567 2061 ut
588 2015 761 2079 meaeque
784 1997 844 2060 tibi
865 2017 903 2060 ac
918 1997 1009 2060 fratri
1026 2007 1059 2060 et
1082 1996 1191 2060 liberis
1207 1997 1327 2060 nostris

102 2082 316 2187 *restitutum
348 2116 452 2189 putes.
497 2099 532 2165 Si
562 2099 640 2181 quid
672 2101 705 2163 in
735 2110 769 2165 te
798 2102 941 2182 peccavi,
963 2122 1002 2166 ac
1029 2101 1141 2184 potius
1170 2101 1325 2183 quoniam

130 2217 271 2311 peceati,
281 2215 433 2295 igritsce3
455 2207 489 2269 in
505 2224 559 2268 me
571 2205 657 2267 enim
670 2204 778 2287 ipsum
793 2205 927 2288 peccavi
938 2205 1175 2269 vehementius.
1208 2205 1327 2286 Neque

131 2378 173 2433 ue
187 2372 261 2425 triers
276 2363 446 2433 esywcinllyto
464 2360 618 2410 Hortensius.
652 2360 700 2425 Cp.
747 2360 791 2410 the
824 2360 918 2426 epithet
952 2360 1053 2422 ‘meus’
1088 2360 1264 2418 ‘adulescens’
1298 2377 1326 2410 or

129 2443 170 2497 Aul
183 2442 235 2489 hit.
245 2449 267 2499 3.
280 2450 304 2495 p,
319 2445 340 2483 a.
353 2429 433 2479 where
444 2427 475 2476 he
487 2443 542 2490 says
554 2425 583 2475 ol
592 2426 702 2475 Horten·
748 2427 845 2477 ‘filius'

129 2500 308 2559 nuntientur
318 2493 451 2561 respicis.
464 2530 469 2540 .
483 2508 602 2557 ,quorum
612 2492 703 2542 scelere
780 2496 1127 2551 Anillaur..nonlossitt
1162 2492 1249 2543 Cicero
1259 2508 1326 2542 com·
1387 2546 1396 2554 ,

129 2561 300 2643 perit-rituusi'
317 2560 370 2610 also
383 2558 423 2606 Ad
436 2558 466 2621 Q·
480 2558 508 2607 F·
524 2571 545 2607 1·
558 2573 580 2618 3,
594 2558 616 2605 8-
747 2559 825 2622 posed
841 2575 857 2607 a
873 2559 963 2622 speech
979 2560 1076 2623 against
1093 2559 1176 2613 Curio,
1188 2558 1271 2607 which
1281 2565 1328 2620 got

164 2651 184 2687 t.
200 2630 360 2689 lloe0v⁶¹¹0‚‘
375 2623 529 2687 leertainly.’
557 2626 604 2672 See
616 2622 701 2672 Madv.
748 2623 1325 2689 publishedbysomemistake(cp.AdAtt.3.

128 2718 184 2821 ἔθη,
204 2694 251 2747 sud
269 2708 307 2757 cp.
326 2694 388 2754 ‘ego
405 2705 463 2738 vero
481 2689 586 2739 libenter
601 2687 701 2739 desino’
750 2703 786 2749 η,
797 2690 832 2754 a).
840 2690 889 2738 and
900 2706 929 2738 so
941 2691 1029 2740 Cicero
1036 2707 1088 2739 was
1098 2689 1222 2754 surprised
1231 2697 1258 2739 to
1267 2690 1327 2739 hear

150 2782 178 2817 ω
190 2764 284 2811 hiureu.
296 2772 320 2819 4.
331 2772 354 2821 9.
748 2755 802 2804 that
814 2756 890 2805 Curio
901 2755 951 2804 had
963 2757 1058 2821 spoken
1069 2758 1094 2805 in
1106 2755 1144 2804 his
1155 2754 1247 2805 behalf.
1270 2754 1326 2804 The

161 2834 282 2883 mantum
301 2859 306 2872 .
326 2857 331 2870 .
351 2858 356 2869 .
375 2823 487 2880 smnus,
507 2824 551 2869 ‘so
573 2821 610 2870 far
631 2820 702 2869 doI
748 2822 838 2886 speech
850 2830 876 2870 to
885 2821 967 2871 which
979 2823 1068 2871 Cicero
1079 2821 1151 2871 refers
1159 2837 1210 2870 was
1251 2820 1326 2885 rhaps

129 2895 198 2953 thinis
210 2892 241 2941 hu
252 2904 303 2937 was
314 2887 377 2936 irum
389 2886 490 2949 sharing
500 2886 554 2935 that
566 2885 657 2936 crime?
748 2887 870 2936 arevised
881 2887 975 2937 edition
991 2886 1021 2936 oi
1035 2887 1089 2936 that
1100 2891 1107 2913 ‘
1118 2887 1147 2935 In
1164 2837 1282 2935 Clodlltm
1299 2893 1326 2936 et

163 2975 182 3009 a.
214 2957 432 3005 fllmulstionsm
470 2955 600 3010 aflorum,
640 2951 702 3002 ‘the
748 2952 898 3002 Curionem’
919 2955 949 3002 oi
964 2953 1047 3003 which
1069 2953 1239 3003 considerable
1258 2952 1326 3016 frag-

128 3022 258 3099 ytntrutlwl
272 3019 404 3082 srierulship
416 3017 445 3066 ol'
459 3017 558 3067 others?
593 3018 702 3082 Perhaps
748 3027 827 3068 ments
839 3035 880 3067 are
892 3026 984 3068 extant.

128 3084 543 3148 osthecrrnrtilsnudosPompey.
576 3085 624 3147 Cp.
637 3084 701 3148 Epp.
783 3096 803 3147 7.
822 3088 928 3133 Axlus:
946 3084 1045 3149 seeEp.
1060 3087 1097 3144 28,
1113 3100 1135 3148 5,
1150 3092 1216 3134 note.

131 3172 167 3215 η,
180 3170 210 3219 ,μ
230 3166 266 3215 ¹5·
282 3148 319 3199 16.
779 3154 861 3205 Aeta.
875 3151 931 3199 ‘the
943 3151 1112 3200 oecurrences.¹

161 3235 182 3287 3.
201 3222 311 3269 Debent
337 3217 408 3263 mihi
432 3253 438 3265 .
463 3252 469 3264 .
493 3252 498 3264 .
519 3219 545 3264 si
567 3222 643 3274 sunt,
672 3214 701 3262 ‘I
781 3219 848 3265 Non
868 3220 915 3275 lta,
942 3222 1000 3266 ‘not
1022 3232 1050 3264 so
1070 3232 1129 3280 very
1148 3212 1239 3265 much'
1280 3213 1327 3264 See

128 3286 204 3351 ntight
216 3292 243 3333 tu
254 3282 338 3345 neryuit
356 3281 418 3329 their
429 3281 535 3331 conduct
547 3281 575 3330 oi
589 3281 672 3330 blame
683 3278 706 3327 ii
750 3282 833 3330 Madv.
863 3282 909 3343 4⁶2
935 3298 958 3332 a.
992 3281 1059 3330 Prot.
1087 3281 1184 3345 Tyrrell
1212 3290 1326 3365 suggests

143 3368 176 3403 uu
193 3347 243 3399 clu!
279 3347 344 3395 l'roi.
358 3347 454 3409 Tyrrell
472 3347 534 3396 finds
551 3363 566 3394 a
582 3346 702 3408 difficulty
750 3347 824 3396 ‘does
834 3354 878 3395 not
889 3354 965 3411 quote
976 3347 1053 3397 Curio
1064 3356 1091 3396 to
1103 3349 1157 3396 that
1168 3347 1246 3397 effect.

127 3372 191 3473 here.
226 3414 267 3462 llo
280 3420 322 3461 not
334 3412 375 3462 the
388 3413 469 3461 words
479 3412 570 3476 simply
583 3412 703 3462 illustrate
782 3415 804 3462 8.
823 3416 886 3473 1110,
895 3429 928 3464 sc.
941 3414 1028 3462 Axius.

127 3477 235 3535 Cicem's
254 3477 394 3527 considence
415 3479 439 3526 in
459 3478 498 3526 his
517 3477 616 3528 iriend's
630 3477 703 3541 judg·
748 3544 764 3593 b
781 3493 805 3542 9.
824 3482 891 3593 Nigi
898 3482 975 3537 quod
982 3482 1163 3544 arat‚‘except
1171 3477 1239 3527 what
1247 3476 1326 3542 really

126 3548 209 3601 uisuri
765 3560 860 3608 apene
880 3543 893 3593 .'

160 3628 182 3676 4.
201 3613 294 3659 Orassl
318 3646 324 3657 .
343 3647 349 3659 .
369 3646 374 3658 .
397 3612 532 3666 locutum,
552 3608 581 3656 ‘I
603 3609 637 3657 do
659 3616 703 3657 not
781 3561 917 3659 strronis
934 3624 1026 3659 sermo
1044 3645 1051 3658 .
1069 3647 1076 3659 .
1095 3612 1230 3668 Caesaris,
1244 3607 1326 3658 ‘what

126 3676 196 3731 think
220 3676 262 3723 the
288 3673 412 3723 lreedmnn
440 3675 469 3722 oi
492 3675 595 3723 Crassus
625 3674 703 3738 spolie
749 3675 828 3724 Varro
840 3677 893 3725 told
906 3692 954 3740 yon
965 3677 1034 3740 gives
1045 3692 1085 3725 me
1096 3675 1209 3740 hopesof
1218 3675 1326 3724 Caesar!

126 3738 255 3804 huttestly.'
291 3741 378 3789 Cicero
395 3749 530 3790 comments
548 3740 572 3787 in
588 3741 659 3789 order
670 3756 702 3788 on
750 3741 909 3793 ‘Caesaris:'
927 3758 982 3806 gen.
995 3741 1044 3804 obj.
1078 3741 1124 3790 See
1137 3741 1222 3790 Madv.
1236 3742 1293 3802 283.

125 3809 167 3861 the
179 3806 232 3855 tour
244 3805 326 3855 letters
342 3805 373 3854 he
389 3805 439 3853 had
455 3805 565 3855 reoeived
582 3805 645 3854 irum
658 3807 702 3854 At·
783 3820 819 3855 ιο.
838 3810 1030 3857 Incumbatln
1040 3809 1251 3868 oausam,‘exert
1262 3806 1326 3854 him-

126 3874 195 3925 tiuus.
231 3872 278 3937 Cp.
304 3877 316 3931 5
342 3884 363 3919 1.
403 3871 458 3919 The
480 3870 587 3919 allusion
610 3881 637 3920 to
660 3871 702 3920 the
749 3872 797 3921 seli
806 3873 830 3921 in
842 3883 946 3938 support
958 3872 1035 3935 nimy
1047 3872 1135 3922 cause?
1169 3874 1217 3938 Cp.
1227 3872 1275 3937 Ep.
1286 3885 1324 3937 19,

127 3937 251 3989 ireeriruun
264 3937 293 3985 oi
301 3937 404 3985 Crassus
416 3937 437 3984 is
448 3937 559 3986 obscure.
749 3952 772 4001 5,
784 3947 848 3988 note.

127 4017 189 4119 tells
200 4005 353 4116 ulllllebht’e
368 4001 593 4116 ldtllllel'senartlledrl
602 4002 703 4132 Jtlhllerll
748 4006 974 4121 8014iegffie·
995 4008 1327 4134 halutxllerylmdhouldoehdld

126 4133 197 4183 wheu
218 4133 244 4181 Ρ.
265 4133 296 4195 (i)
315 4131 402 4181 Aelius
422 4133 498 4196 Ligus
516 4134 658 4198 interposed
677 4142 703 4182 to
749 4132 827 4184 been!

136 4207 226 4247 treve-nt
238 4215 253 4247 a
264 4199 349 4248 decree
366 4198 439 4261 being
456 4199 544 4262 passed
556 4199 582 4247 in
594 4199 704 4250 Cicero’s
749 4215 821 4315 fil15.
839 4204 994 4263 Exsoqm
1008 4201 1076 4251 ‘will
1091 4202 1221 4268 discharge
1238 4216 1267 4251 or
1279 4201 1325 4250 ful·

134 4279 220 4314 nvuur.
787 4267 793 4286 ’

159 4333 251 4380 Proba
264 4329 393 4389 =‘bene,'
413 4328 555 4396 (Forcell.),
579 4332 704 4382 'satisfac-
784 4331 821 4382 16.
839 4336 996 4394 aenesius,
1010 4332 1161 4384 ‘orrnthen’

124 4393 216 4461 torlly.'
784 4408 821 4461 17.
839 4402 875 4447 In
892 4414 937 4448 ma
952 4403 1046 4449 onim.
1060 4436 1066 4448 .
1079 4401 1284 4458 vehementius,
1299 4397 1326 4445 ‘I

176 4463 295 4513 ,σω-10.
328 4460 383 4510 The
395 4459 471 4520 elder,
483 4461 613 4526 probabl.
647 4462 703 4515 The
748 4479 799 4514 was
809 4465 892 4529 guilty
903 4464 932 4513 oi
942 4481 958 4513 a
972 4481 1050 4515 worse
1062 4464 1156 4515 offence
1166 4465 1263 4530 against
1274 4479 1328 4528 my-

262 4526 432 4593 lagenernlly
459 4480 638 4594 distinguished
670 4530 703 4593 by
747 4529 810 4592 selis
824 4531 848 4578 in
871 4539 913 4579 not
926 4531 1007 4595 trying
1018 4531 1051 4595 by
1062 4531 1097 4580 all
1110 4546 1194 4581 means
1204 4538 1232 4580 to
1242 4529 1328 4580 attach
