3030 5542
199 845 262 925 596
538 842 589 904 M.
616 841 779 903 TULLJI
800 840 1056 904 CICERONIS
1265 835 1364 920 [mn
1378 852 1413 899 v·

200 1018 312 1081 omnia
327 1026 462 1100 paratus
477 1036 583 1080 essem
600 1037 638 1080 ac
654 1036 705 1079 res
721 1036 775 1078 me
787 1025 943 1078 moneret.
990 1013 1025 1078 Si
1041 1015 1149 1078 nudus
1164 1014 1228 1079 huc
1240 1036 1276 1080 se
1291 1015 1409 1080 Anto·

201 1123 274 1184 nius
295 1122 426 1198 confert,
442 1121 538 1184 facile
559 1121 640 1183 mihi
660 1120 776 1184 videor
796 1140 856 1202 per
879 1139 932 1181 me
957 1119 1119 1182 sustinere
1142 1139 1240 1200 posse
1267 1139 1409 1202 remque

201 1224 369 1307 publicam
391 1247 434 1288 ex
454 1235 563 1288 vestra
580 1224 743 1287 sententia
763 1222 1001 1294 administrare,
1017 1224 1168 1305 quamvis
1187 1224 1230 1286 ab
1253 1225 1407 1287 exercitu

202 1328 321 1411 Lepidi
338 1330 512 1410 recipiatur
527 1351 535 1407 ;
557 1330 584 1391 si
600 1349 677 1390 vero
694 1327 864 1410 copiarum
881 1326 1005 1409 aliquid
1021 1346 1132 1390 secum
1152 1328 1295 1391 adducet
1320 1337 1354 1391 et
1377 1328 1406 1391 si

172 1434 330 1503 sdecima
348 1433 434 1517 legio
453 1443 617 1507 veterana,
632 1452 718 1514 quae
738 1441 850 1495 nostra
871 1451 972 1514 opera
992 1440 1146 1494 revocata
1172 1450 1247 1494 curn
1271 1431 1407 1514 reliquis

200 1547 262 1612 est,
278 1538 321 1601 ad
343 1538 484 1600 eundem
508 1537 651 1600 furorem
671 1535 812 1612 redierit,
828 1544 948 1611 tamen,
964 1555 1006 1597 ne
1026 1536 1106 1616 quid
1126 1535 1316 1599 detrimenti
1335 1536 1405 1611 fiat,

201 1641 333 1704 dabitur
352 1661 489 1722 operaa
513 1662 576 1717 me,
595 1641 695 1721 idque
716 1660 770 1703 me
795 1648 1039 1722 praestaturum
1066 1659 1173 1722 spem,
1197 1640 1277 1702 dum
1306 1641 1405 1705 istinc

201 1746 314 1826 copiae
330 1745 520 1807 traiciantur
532 1744 792 1824 coniunctaeque
804 1742 976 1805 nobiscum
992 1742 1118 1806 facilius
1130 1743 1276 1826 perditos
1288 1746 1403 1828 oppri-

202 1858 301 1912 mant.
349 1849 425 1912 Hoc
440 1848 499 1912 tibi
514 1850 675 1930 spondeo,
695 1848 739 1909 mi
757 1845 881 1923 Cicero,
897 1867 1003 1928 neque
1019 1847 1165 1910 animum
1183 1868 1242 1913 nec
1261 1847 1436 1930 diligen-s

157 1972 188 2009 10
201 1953 280 2015 tiam
297 1952 376 2015 mihi
392 1953 587 2015 defuturam.
612 1951 721 2034 Cupio
740 1949 944 2013 mehercules
959 1949 1083 2013 nullam
1101 1951 1264 2015 residuam
1277 1953 1401 2016 sollici-

200 2057 348 2120 tudinem
375 2077 466 2134 esse;
497 2056 557 2119 sed
583 2057 611 2118 si
636 2055 739 2131 fuerit,
759 2075 819 2118 nec
844 2055 955 2116 animo
980 2075 1039 2118 nec
1066 2055 1315 2119 benevolentiae
1341 2078 1404 2123 nec

150 2149 158 2161 ³
200 2160 378 2241 patientiae
393 2161 585 2241 cuiusquam
601 2180 661 2242 pro
676 2159 772 2223 vobis
788 2159 913 2221 cedam.
960 2158 1015 2222 Do
1030 2159 1166 2240 quidem
1179 2180 1242 2242 ego
1254 2181 1403 2243 operam,

201 2274 237 2327 ut
257 2265 355 2327 etiam
374 2263 539 2345 Lepidum
555 2264 599 2327 ad
615 2263 711 2325 huius
734 2263 779 2325 rei
802 2263 994 2327 societatem
1017 2263 1160 2338 Incitem,
1176 2265 1352 2347 omniaque
1372 2267 1404 2328 ei

200 2367 359 2449 obsequia
379 2367 544 2449 polliceor,
559 2367 586 2429 si
602 2368 704 2430 modo
720 2387 788 2429 rem
806 2366 971 2449 publicam
989 2367 1147 2449 respicere
1168 2367 1265 2431 volet.
1312 2369 1404 2434 Utor

156 2490 187 2541 15
202 2471 234 2533 in
249 2472 311 2534 hac
328 2491 363 2533 re
378 2471 584 2534 adiutoribus
601 2471 899 2554 interpretibusque
914 2470 1012 2535 fratre
1029 2491 1103 2533 meo
1118 2481 1153 2534 et
1169 2471 1349 2537 Laterense
1368 2486 1404 2538 et

202 2575 324 2638 Furnio
353 2586 473 2639 nostro.
521 2575 599 2637 Non
630 2595 684 2638 me
714 2575 895 2657 impedient
922 2575 1070 2656 privatae
1099 2574 1309 2654 offensiones,
1331 2597 1402 2659 quo

201 2680 308 2743 minus
324 2700 384 2762 pro
400 2679 445 2742 rei
461 2679 613 2761 publicae
628 2679 734 2743 salute
744 2679 844 2742 etiam
857 2699 933 2742 cum
944 2679 1169 2743 inimicissimo
1184 2682 1404 2748 consentiam.

200 2782 301 2866 Quod
328 2783 355 2847 si
384 2783 465 2846 nihil
491 2784 670 2866 prolecem,
694 2783 796 2847 nihilo
824 2782 931 2846 minus
957 2783 1105 2846 maximo
1129 2803 1202 2845 sum
1228 2785 1339 2848 animo
1367 2799 1403 2852 et

201 2887 323 2951 maiore
339 2888 476 2951 fortasse
497 2908 571 2950 cum
592 2907 666 2951 mea
682 2887 788 2970 gloria
808 2887 903 2951 vobis
921 2887 1001 2951 satis
1025 2887 1152 2951 faciam.
1198 2886 1265 2952 Fac
1284 2889 1402 2955 valeas

200 3012 319 3075 meque
338 3000 452 3055 mutuo
469 2991 596 3074 diligas.

233 3187 255 3222 1.
273 3177 384 3234 Nudus,
409 3174 530 3223 ‘without
557 3172 772 3234 reinsoroemenrs:
823 3189 847 3236 4.
861 3188 874 3222 2
888 3177 896 3202 ⁴
903 3175 1292 3241 LuciusVitellius..parvitiis
1301 3175 1403 3228 fratris!

198 3239 288 3297 which,
301 3240 326 3289 in
337 3240 396 3300 fact,
409 3241 511 3304 Antony
522 3240 571 3289 had
583 3241 695 3290 received
708 3241 773 3289 irom
824 3241 901 3290 Andr.

199 3305 336 3355 Ventidius.
370 3307 417 3370 Cp.
431 3306 565 3370 Appendix
576 3307 609 3355 id.
623 3320 661 3355 11.
859 3319 896 3368 13·
916 3310 1010 3355 Huius
1021 3310 1073 3366 rei,
1085 3310 1093 3334 ‘
1103 3309 1132 3356 of
1139 3307 1188 3356 this
1199 3307 1350 3372 enterprise,'
1358 3310 1405 3361 the

234 3385 254 3419 2.
269 3375 425 3431 Sustinet-e,
443 3376 487 3420 ‘to
498 3372 569 3421 resist
581 3371 650 3429 him,'
660 3380 666 3399 ⁸
675 3380 702 3421 to
710 3371 773 3420 hold
823 3370 955 3421 liberation
967 3373 997 3421 oi
1004 3373 1046 3421 the
1058 3373 1281 3422 Commonwealth.

199 3434 260 3487 out!
277 3437 323 3500 Cp.
334 3438 380 3500 Ep.
390 3450 443 3498 134,
454 3451 466 3484 2
477 3453 483 3495 ;
495 3437 564 3486 Caes.
576 3438 637 3486 Bell.
644 3438 710 3487 Gall.
719 3451 739 3486 2.
748 3437 771 3486 6.
857 3440 1014 3496 omnisque
1032 3472 1039 3486 .
1055 3475 1062 3488 .
1081 3442 1225 3497 polliceor,
1243 3438 1273 3486 ‘I
1290 3441 1406 3503 promise

215 3498 253 3565 ¹5.
272 3506 389 3551 Deoime
414 3506 496 3560 legio.
538 3502 601 3551 This
623 3503 715 3566 legion,
745 3519 773 3551 as
823 3508 850 3551 to
861 3504 957 3552 consult
969 3504 1008 3552 his
1021 3503 1109 3553 wishes
1120 3505 1146 3553 in
1158 3503 1317 3568 everything)
1344 3506 1405 3556 The

198 3569 326 3616 Dmmann
339 3568 374 3631 (r.
384 3570 443 3630 351)
455 3568 504 3616 and
517 3567 601 3631 Siiptle
608 3569 713 3628 remark,
722 3568 772 3616 had
822 3568 904 3632 plural
917 3567 1067 3633 ‘obsequia'
1078 3584 1158 3619 seems
1168 3577 1195 3619 to
1208 3570 1238 3618 be
1250 3585 1310 3619 rare.

198 3632 274 3682 taken
285 3633 327 3681 the
339 3633 395 3682 lead
413 3633 473 3682 both
486 3634 509 3680 in
523 3633 600 3682 battle
611 3633 659 3681 and
677 3634 773 3696 mutiny
861 3646 899 3695 15.
917 3636 1086 3685 Laterense:
1106 3651 1144 3700 cp.
1157 3636 1178 3683 E
1198 3672 1203 3684 .
1218 3649 1256 3694 11,
1270 3649 1293 3693 a,
1305 3644 1373 3687 note.

197 3698 275 3747 under
285 3699 384 3747 Caesar.
421 3699 468 3762 Cp.
481 3698 544 3747 Bell.
556 3699 625 3748 Gall.
641 3712 662 3748 1.
675 3715 708 3761 40
723 3700 773 3747 and
859 3699 896 3748 16.
914 3703 1038 3749 ll'urnio:
1056 3715 1096 3765 cp.
1109 3701 1157 3766 Ep.
1202 3708 1288 3760 ,note

197 3763 312 3827 41,with
328 3763 507 3827 Suet.1u1.7o.
544 3763 568 3811 It
582 3780 639 3813 now
650 3780 729 3814 seems
745 3774 772 3813 to
857 3767 1040 3815 offensiones.
1074 3765 1166 3817 Bdclrel
1177 3774 1264 3831 quotes
1273 3767 1315 3816 Ad
1328 3768 1403 3819 Fam.

197 3829 260 3878 have
280 3829 401 3890 belonged
422 3838 448 3876 to
466 3828 507 3877 the
527 3845 595 3891 army
611 3828 640 3878 oi
654 3830 769 3894 Lepidus.
825 3843 863 3880 ro.
887 3832 925 3889 18,
944 3845 968 3890 a,
984 3830 1065 3880 where
1085 3832 1189 3882 Plancus
1206 3832 1269 3881 calls
1287 3832 1405 3898 Lepidus

197 3894 246 3958 Cp.
259 3895 326 3958 App.
340 3893 402 3942 Bell.
410 3893 464 3943 Civ.
474 3908 496 3955 3.
506 3895 537 3955 83
548 3911 554 3954 ;
572 3896 708 3954 Drumsnn,
722 3896 739 3943 l.
749 3912 771 3944 e.
822 3895 964 3946 ‘hominem
977 3895 1097 3946 offensum
1109 3894 1187 3947 mibi’

197 3960 303 4009 Plancus
315 3958 375 4008 does
388 3967 432 4007 not
449 3960 503 4008 hint
519 3967 545 4008 at
560 3975 607 4022 any
618 3960 771 4010 disailection
858 3964 1122 4025 17.1n1mioisslmo,
1159 3962 1266 4027 lepido.
1299 3964 1403 4017 Munut.

198 4026 223 4073 in
246 4026 285 4074 his
307 4040 362 4072 own
386 4040 463 4088 army,
483 4025 613 4075 otherwise
631 4042 669 4076 we
691 4027 773 4092 might
822 4026 1059 4091 Cp.Epp.14o,r;
1079 4027 1169 4092 146,1.

197 4105 304 4153 suppose
316 4090 357 4139 the
369 4089 451 4138 Tenth
462 4090 587 4156 belonged
598 4100 626 4141 to
638 4092 698 4141 him.
858 4095 896 4141 18.
916 4097 992 4142 Sum.
1026 4093 1132 4144 Plancus
1154 4109 1240 4144 means
1264 4094 1293 4143 ‘I
1314 4111 1357 4145 sm
1377 4098 1404 4147 in

231 4160 381 4214 Rsvoosts,
396 4156 520 4205 ‘recalled
532 4166 558 4206 to
570 4156 601 4206 its
611 4155 689 4221 duty?
821 4158 890 4270 qood
907 4160 992 4224 spirits
1007 4175 1067 4209 even
1084 4160 1144 4209 with
1160 4160 1202 4210 the
1219 4160 1366 4226 possibility
1377 4164 1409 4213 oi

232 4234 254 4285 7.
272 4222 464 4280 Istlno,⁴lrom
477 4221 559 4286 Italy!
832 4224 910 4272 ailnre
923 4225 1005 4274 before
1015 4223 1074 4275 me.'
1108 4225 1187 4276 Andr.

233 4301 270 4336 to.
283 4289 456 4336 natuturam
474 4287 705 4353 Femasagreelng
712 4288 774 4338 with
861 4303 899 4353 19.
917 4292 1026 4340 Maiore
1041 4293 1160 4341 fortene
1172 4327 1179 4342 .
1192 4327 1199 4340 .
1211 4294 1311 4351 glosis,
1327 4296 1405 4358 ‘per-

197 4353 240 4403 the
256 4360 351 4402 nearest
368 4353 444 4402 subst.
478 4354 526 4418 Cp.
543 4353 589 4418 Ep.
606 4367 645 4419 29,
664 4365 686 4417 7,
699 4363 773 4417 note;
825 4351 888 4420 hsps
906 4354 966 4404 with
988 4356 1023 4404 all
1051 4356 1094 4406 the
1115 4372 1184 4406 more
1205 4357 1352 4407 distinction
1377 4371 1406 4410 to

199 4418 285 4468 Madv.
299 4432 345 4481 ²¹4
357 4435 380 4468 a.
824 4419 930 4484 myseli.'
965 4421 1039 4471 wiet.
1074 4422 1115 4471 He
1138 4422 1222 4472 would
1247 4423 1307 4487 grin
1330 4441 1405 4475 more

233 4497 269 4532 rr.
287 4488 347 4534 Neo
359 4488 453 4534 animo
469 4519 495 4534 ..
513 4487 618 4534 oedem.
647 4484 775 4534 ‘Benevo-
824 4486 963 4550 reputation
981 4488 1013 4550 by
1024 4504 1040 4536 a
1056 4488 1151 4603 νίοῒίἑγ
1162 4504 1222 4538 over
1237 4488 1342 4553 Antony
1352 4492 1406 4541 and

199 4547 608 4614 lentia'and‘cuiquam’would
625 4549 774 4599 bemorein
824 4552 942 4614 lepidus,
965 4552 1025 4603 then
1054 4554 1087 4617 by
1139 4564 1222 4619 ecung
1243 4571 1259 4604 a
1285 4557 1404 4620 pescelul

199 4616 350 4667 accordanoe
359 4615 420 4666 with
432 4631 513 4680 usage.
532 4616 580 4664 But
589 4630 627 4680 cp.
634 4615 694 4666 Tac.
706 4616 774 4666 Hist.
824 4617 971 4669 settlement.
