3030 5542
167 822 234 887 570
516 808 568 870 Μ.
595 808 757 868 Tl’llll
776 806 1031 871 CICERONIS
1237 803 1339 888 [rtur
1353 821 1382 866 r.

169 977 296 1042 honore
311 977 536 1041 fortissimum.
560 979 689 1060 Populo
702 1001 782 1043 iero
795 979 875 1042 nortl
887 979 1012 1052 lortius,
1025 978 1105 1041 nihil
1119 976 1251 1052 melius
1265 976 1380 1040 Italia·

169 1103 234 1164 que
246 1084 417 1145 universa:
440 1084 520 1145 nihil
535 1100 647 1146 autern
663 1084 792 1147 foedius
802 1085 957 1166 Philippo
966 1094 1000 1145 et
1013 1083 1132 1146 Pisone
1143 1082 1281 1165 legatis,
1294 1080 1376 1144 nihil

171 1184 366 1266 flagitiosius
376 1213 386 1263 ;
408 1190 464 1269 qui
477 1208 554 1250 cum
566 1200 677 1251 essent
689 1191 790 1261 missi,
799 1200 835 1251 ut
847 1188 999 1251 Antonio
1009 1207 1054 1250 ex
1066 1196 1203 1249 senatus
1213 1186 1376 1249 sententia

170 1303 278 1353 certas
305 1311 356 1352 res
380 1292 622 1355 denuntiarent
646 1313 722 1355 cum
747 1292 803 1355 ille
827 1312 940 1354 earum
965 1312 1071 1354 rerum
1096 1289 1178 1352 nulli
1203 1290 1376 1371 paruisset,

142 1427 157 1475 5
172 1391 259 1456 ultro
273 1394 317 1456 ab
333 1393 390 1456 illo
404 1396 448 1457 ad
464 1416 525 1458 nos
541 1397 760 1459 intolerabilia
776 1396 943 1476 postulata
959 1393 1177 1457 rettulerunt:
1204 1394 1321 1475 itaque
1334 1393 1400 1455 adu

173 1518 233 1559 nos
248 1499 461 1563 concurritur.
473 1500 619 1580 lautique
631 1502 744 1562 iamin
757 1499 937 1562 resalutari
948 1498 1125 1580 populares
1135 1516 1263 1559 sumus.
1309 1494 1374 1560 Sed

173 1613 209 1663 tu
225 1602 305 1681 quid
320 1623 446 1683 ageres,
461 1605 543 1683 quid
558 1618 702 1679 actonis,
714 1604 770 1665 ubi
785 1604 929 1684 denique
943 1622 1041 1673 esses,
1053 1600 1265 1663 nesciebam:
1289 1599 1376 1663 sama

174 1707 350 1768 nuntiabat
365 1717 399 1768 te
415 1708 478 1768 isse
495 1708 527 1768 in
544 1706 701 1787 Syriam3
724 1720 841 1770 auctor
861 1717 931 1768 erat
954 1725 1062 1767 nemo.
1109 1704 1163 1766 De
1180 1703 1296 1778 Brut0‚
1311 1723 1375 1785 quo

174 1810 309 1889 propius
324 1824 383 1879 est,
395 1831 436 1872 eo
449 1809 593 1873 firmiora
603 1813 757 1873 ridentur
767 1830 841 1872 esse
852 1830 939 1891 quae
951 1808 1153 1872 nuntiantur.
1202 1803 1375 1870 Dolabella

130 1945 160 1979 to
173 1912 270 1974 valde
280 1915 532 1995 rituperabatur
543 1916 587 1976 ab
603 1915 794 1976 hominibus
809 1933 875 1974 non
891 1912 1031 1988 insulsis,
1041 1912 1132 1991 quod
1147 1911 1213 1973 tibi
1228 1922 1302 1973 tam
1314 1911 1376 1972 cito

173 2018 373 2079 succederet.
385 2038 461 2080 cum
473 2030 510 2079 tu
522 2019 661 2081 iixdum
676 2032 766 2080 xxx.
777 2019 849 2081 dies
860 2018 893 2078 in
904 2015 1002 2096 Syria
1014 2014 1148 2089 luisses;
1173 2015 1292 2096 itaque
1303 2033 1376 2077 con-

172 2120 283 2182 stabat
300 2140 375 2182 eum
394 2122 493 2203 recipi
511 2123 544 2183 in
561 2121 694 2201 Syriam
711 2142 778 2184 non
790 2130 953 2203 oportere.
997 2117 1137 2183 Summa
1147 2116 1221 2181 laus
1233 2126 1269 2180 et
1279 2124 1376 2180 tuaet

175 2220 267 2284 Bruti
284 2234 344 2297 est,
354 2225 444 2303 quod
456 2226 639 2287 exercitum
651 2236 781 2308 praeter
790 2244 884 2306 spem
900 2221 1140 2286 existimamini
1155 2239 1376 2302 comparasse.

175 2325 361 2388 Scriberem
382 2327 487 2408 plura.
503 2329 530 2388 si
555 2349 623 2390 rem
646 2348 846 2409 causamque
869 2347 1018 2388 nossem:
1043 2344 1128 2389 nunc
1150 2346 1240 2406 quae
1263 2324 1376 2393 scribo.

131 2462 160 2509 ¹5
174 2429 281 2490 scribo
307 2450 351 2490 ex
375 2431 530 2510 opinione
552 2431 723 2494 hominum
746 2443 849 2513 atque
873 2429 970 2492 lama„
1016 2428 1107 2491 Tuas
1131 2428 1263 2492 litteras
1288 2426 1377 2491 avide

175 2546 344 2614 exspecto.
389 2533 484 2596 Vale.

395 2679 466 2740 127.
518 2675 566 2744 To
584 2676 623 2746 C.
645 2676 832 2745 Trebonius
847 2678 919 2763 (Ad
938 2680 1032 2743 Fam.
1047 2699 1082 2742 x.
1099 2675 1164 2762 28).

355 2814 446 2873 Rous,
464 2815 596 2879 ,lasciui
613 2828 650 2865 ou
669 2818 823 2865 fusuram·
840 2820 868 2877 (ξ’
890 2829 922 2879 43
940 2827 997 2865 uc.
1017 2817 1074 2880 (7¹1
1094 2815 1199 2875 auc.)

211 2944 230 2982 1.
249 2931 261 2980 1
274 2947 315 2980 um
326 2947 395 2994 sorry
405 2948 454 2994 ‚rou
466 2934 539 2982 nied
550 2935 650 2996 Autou5
661 2949 694 2981 ou
706 2933 750 2981 the
760 2932 818 2981 ldee
828 2932 858 2981 ol
867 2932 970 2990 Murem
986 2931 1018 2980 he
1028 2931 1099 2994 gives
1108 2945 1149 2980 rue
1160 2930 1264 2980 trouble
1274 2925 1377 2993 enough·

211 3074 231 3106 r.
250 3062 379 3117 Irogatir:
400 3077 438 3124 cp.
454 3060 513 3110 lntr.
524 3071 551 3109 to
569 3062 625 3109 Part
638 3061 669 3119 Υ,
684 3067 698 3119 ς
713 3075 751 3108 12.
801 3061 898 3123 rrorthy
910 3059 1074 3124 intelligenoe

176 3125 265 3174 Cicero
284 3127 430 3189 apparently
446 3127 495 3174 had
515 3127 616 3189 already
631 3127 705 3175 heard
723 3126 753 3174 ol
835 3142 858 3189 q
877 3129 1005 3182 Propius
1030 3123 1379 3173 Bmtusmnowincreece

176 3191 218 3239 the
244 3191 319 3240 deuth
339 3191 367 3239 ol
391 3193 454 3240 their
475 3192 604 3256 colleague
625 3191 752 3256 Sulpicius
804 3192 910 3255 (sopite)
934 3207 963 3239 or
992 3190 1149 3239 Muoedoniu.
1196 3191 1246 3255 Cp.
1271 3189 1334 3238 Iutr.
1355 3196 1379 3235 to

176 3255 248 3305 when
260 3256 291 3306 he
302 3267 378 3305 wrote
389 3257 439 3305 uns
450 3258 529 3306 letter.
802 3258 860 3304 Part
872 3256 904 3314 t,
918 3262 931 3314 ς
947 3270 984 3318 ¹4

210 3339 232 3381 4.
252 3326 347 3370 Certus
369 3337 429 3370 rea:
453 3339 494 3387 cp.
517 3323 628 3387 Philipp.
647 3321 671 3369 6.
693 3336 752 3384 a,4
838 3336 874 3370 ια
895 3325 963 3371 Non
974 3319 1217 3383 mentitu,‘witty.'
1245 3319 1304 3368 The
1350 3318 1381 3366 int

179 3388 322 3435 ‘mittuntur
333 3388 449 3451 enimqui
461 3389 571 3436 nuntient
583 3403 614 3435 ue
625 3395 752 3451 oppugnet
802 3387 833 3436 σί
850 3388 901 3436 this
922 3387 1017 3436 remark
1037 3403 1088 3436 was
1109 3401 1138 3434 us
1159 3385 1265 3434 follows
1274 3402 1316 3432 :-
1338 3397 1382 3446 μ

177 3453 304 3501 consulem
321 3454 486 3516 designatum,
499 3470 529 3502 ue
547 3454 670 3502 Mutinam
685 3453 751 3500 ohsi-
805 3454 871 3500 ‘lex
883 3453 1002 3501 Cornelia
1018 3452 1057 3511 (L.
1070 3452 1165 3512 Sullae)
1182 3451 1216 3501 de
1233 3445 1382 3515 provinciis’

177 3516 242 3569 deut.
272 3534 302 3565 ne
330 3520 482 3581 proi-inciam
518 3519 692 3583 depopuletur.
721 3532 751 3564 ne
803 3519 881 3580 thirty
892 3518 954 3581 days
964 3533 1027 3566 were
1038 3516 1146 3567 allowed
1161 3515 1228 3565 nster
1239 3516 1283 3565 the
1295 3512 1384 3565 arrival

178 3582 283 3630 dilectus
298 3583 395 3639 habeat,
413 3584 444 3630 sit
462 3586 486 3631 in
503 3596 602 3632 senatus
616 3584 752 3648 populique
803 3584 833 3632 os
846 3598 997 3632 asueeessor
1007 3583 1045 3631 lor
1055 3600 1070 3631 a
1085 3597 1209 3646 governor
1223 3589 1251 3631 to
1264 3581 1339 3631 leuve
1349 3581 1385 3629 his

180 3648 284 3695 Rouiani
308 3647 460 3711 potestate;'
490 3648 526 3697 lb.
554 3660 574 3709 5.
598 3664 621 3712 9.
649 3648 679 3696 26
704 3647 752 3695 ‘ad
804 3650 927 3713 proiinoe.
962 3649 1009 3712 Cp.
1029 3648 1070 3696 Ad
1089 3649 1159 3696 Fam
1181 3660 1205 3708 3.
1231 3645 1256 3707 6,
1280 3659 1305 3707 3.
1341 3646 1385 3694 But

179 3712 282 3759 Brutum
293 3713 399 3760 adeundi
410 3713 499 3775 legatis
506 3724 653 3777 potestutem
661 3714 752 3767 feeerit.
803 3715 904 3763 Cassius
915 3713 966 3761 had
982 3722 1026 3761 not
1043 3715 1105 3763 been
1122 3714 1148 3761 iu
1159 3712 1235 3775 syrin
1249 3720 1279 3762 ut
1295 3712 1334 3762 ull
1351 3710 1387 3759 lor

178 3779 313 3825 exercitum
325 3782 387 3826 citra
404 3777 494 3825 flumen
512 3779 664 3827 Rubiconem
677 3780 753 3827 edux-
804 3780 879 3841 thirty
890 3779 951 3841 days
963 3779 1035 3827 urben
1047 3778 1183 3827 Doltbella
1195 3784 1234 3827 set
1249 3787 1297 3827 out
1315 3785 1344 3826 to
1354 3791 1387 3840 go

178 3842 231 3898 erit,
253 3858 298 3890 nec
315 3843 418 3906 propius
434 3845 518 3891 urbem
536 3845 617 3892 millia
637 3860 753 3908 passuum
803 3846 879 3894 there.
914 3846 1003 3894 Cioero
1020 3845 1080 3908 only
1095 3844 1199 3893 toucheu
1216 3843 1251 3906 by
1268 3843 1309 3892 im
1328 3843 1387 3892 lieu·

179 3922 207 3956 cc
219 3907 374 3956 admoverit)
804 3912 858 3959 tion
870 3910 913 3958 the
924 3911 1037 3974 question
1048 3910 1129 3958 which
1142 3908 1291 3958 olthetwo
1344 3909 1350 3919 “
1378 3933 1388 3944 ·

213 3985 235 4033 5.
253 3975 299 4019 Ad
314 3989 366 4021 nou
385 3977 570 4034 concurritur,
583 3981 655 4024 ‘men
672 3975 753 4023 crowd
805 3984 860 4024 ants
877 3975 928 4024 had
945 3976 987 4024 the
1005 3976 1059 4024 best
1076 3975 1142 4039 right
1159 3982 1187 4023 to
1198 3989 1298 4038 goreru
1309 3974 1388 4038 Syris.

179 4046 206 4085 to
217 4037 326 4095 me,’i.e.
338 4047 365 4087 to
377 4038 625 4101 myhouse,orwheu
640 4041 754 4105 lappeur
804 4041 906 4089 Cassius
916 4041 1022 4090 claimed
1039 4041 1080 4090 the
1091 4041 1210 4105 province
1223 4041 1257 4101 by
1269 4037 1393 4089 virtueol

179 4104 204 4151 in
234 4103 309 4151 ublit.
805 4105 919 4156 Caesar's
940 4112 1122 4171 arrangements
1153 4107 1205 4169 (cp.
1228 4106 1301 4169 App
1327 4104 1388 4154 Bell.

212 4119 237 4216 ἔ.
256 4171 292 4216 Iu
308 4184 339 4217 re
357 4171 484 4226 soluturi,
503 4170 612 4235 ‘though
629 4187 671 4234 my
689 4186 754 4218 meu·
805 4172 859 4221 Cir.
873 4185 895 4232 3„
909 4182 938 4234 73
958 4173 1003 4230 8);
1021 4171 1157 4220 Dohbelli
1177 4171 1212 4233 by
1227 4171 1315 4219 virtue
1331 4171 1363 4220 ol
1374 4185 1391 4219 u

180 4233 755 4299 sureuaresulutury,'whichpopulurmeusures
806 4237 942 4285 resolution
954 4236 984 4286 ol
996 4237 1038 4287 the
1054 4235 1145 4302 people
1161 4251 1215 4300 icp.
1229 4237 1253 4284 A
1276 4236 1391 4299 p.Lc.l.

179 4299 304 4364 generally
320 4316 361 4348 ure
378 4307 428 4347 not.
463 4300 509 4363 Cp.
528 4301 635 4365 Philipp.
658 4315 678 4363 7.
699 4317 721 4354 2.
739 4317 755 4361 4
807 4304 854 4351 But
872 4303 983 4350 Velleius
1000 4305 1035 4364 (a.
1052 4303 1095 4361 60,
1112 4305 1138 4364 5)
1156 4303 1235 4362 suys‘
1294 4301 1392 4351 labellu

181 4376 238 4414 ‘me
254 4404 259 4414 .
277 4403 283 4414 .
300 4380 397 4429 semper
416 4365 571 4413 adversatum
589 4366 756 4414 multitudinis
806 4369 983 4416 transmarinus
994 4366 1283 4433 (provinciaquecrevit
1295 4366 1365 4417 οἱδὶ)

179 4431 312 4480 temeritati
326 4430 458 4480 haeclecit
470 4432 664 4495 praeclarissima
681 4448 755 4481 causa
843 4446 879 4495 14
897 4437 969 4481 Bem
995 4447 1170 4490 remumque
1204 4432 1300 4481 Cicero
1323 4432 1392 4482 olim

181 4496 344 4561 popularem’
806 4500 933 4548 combines
949 4499 1017 4548 there
1033 4508 1084 4548 tvo
1095 4497 1184 4547 words.
1219 4497 1242 4546 C
1262 4498 1338 4563 .Ep.
1351 4511 1393 4559 30,

216 4575 239 4625 7.
256 4566 334 4619 Quid
358 4570 482 4621 noturus,
505 4578 540 4612 sc.
564 4561 659 4611 ‘esses'
700 4563 755 4611 The
807 4580 829 4627 5,
839 4565 920 4613 where
931 4564 1016 4629 supfle
1024 4565 1124 4613 reuders
1132 4513 1275 4613 them¹tle
1288 4562 1397 4614 mteol

180 4636 259 4677 tenses
276 4631 300 4677 in
320 4629 369 4676 this
386 4643 490 4692 pusuage
506 4643 546 4677 ure
559 4628 594 4675 ull
612 4629 754 4692 epistolary.
807 4632 849 4679 the
867 4628 955 4686 orse;'
976 4631 1113 4689 Holmunn,
1131 4629 1191 4677 ‘the
1211 4628 1300 4679 whole
1321 4629 1395 4679 affuit

180 4693 220 4741 On
233 4695 275 4742 the
287 4703 440 4743 moremeuts
448 4694 477 4742 of
488 4694 576 4742 Brutus
584 4695 633 4742 und
645 4694 756 4749 Cassius.
807 4697 855 4744 and
876 4695 918 4744 the
936 4697 1051 4761 question
1069 4696 1095 4743 in
1113 4693 1230 4759 dispute'
1264 4695 1318 4759 Cp.
1337 4696 1394 4745 also

181 4775 220 4822 cp.
234 4759 293 4808 Intr.
301 4769 328 4809 to
340 4761 396 4808 Part
407 4760 437 4820 V,
448 4764 478 4819 δῇ
493 4773 538 4815 11;
559 4773 605 4823 14;
623 4760 756 4823 Appendix
809 4763 872 4824 Frey
889 4778 922 4809 on
941 4762 983 4810 Ad
1003 4762 1074 4811 Fam.
1095 4776 1117 4810 u.
1138 4773 1161 4823 7,
1181 4774 1207 4821 3,
1225 4760 1286 4809 who
1303 4777 1396 4826 agrees

185 4837 220 4870 11.
235 4836 264 4885 7;
285 4840 320 4874 10.
808 4828 870 4875 with
883 4827 1022 4878 llolmunn.

215 4891 238 4936 8.
257 4893 298 4938 De
315 4895 411 4948 Bruto,
427 4909 460 4941 sc.
477 4890 524 4939 ‘de
541 4892 578 4940 M.
597 4889 689 4940 Bruto!
723 4891 760 4940 Ol

183 4953 215 5000 D.
239 4955 328 5004 Brutus
351 4957 439 5006 Cicero
462 4957 584 5022 probably
606 4957 658 5007 hud
685 4966 757 5007 trust·
843 4959 1002 5008 frarem.
1028 4955 1324 5008 ThedentlrolSen-im
1336 4958 1394 5011 Sul·
