3030 5542
144 338 192 384 nr.
210 320 277 406 71.]

520 323 585 383 ΑΙ)
607 323 823 384 ATTICUM
841 323 884 386 X.
908 320 937 384 8.

1281 323 1345 410 383

146 517 230 561 unus
244 495 445 573 acerrimus;
467 494 500 558 id
516 515 612 577 spero
627 495 711 558 vivis
730 495 827 558 nobis
849 493 929 560 fore.
973 493 1188 579 Quamquam
1212 505 1345 579 tempus

145 609 195 665 cst
212 621 273 665 nos
288 599 331 664 de
347 598 403 663 illa
419 609 579 682 perpetua
595 598 670 676 iam,
681 619 746 662 non
756 599 798 662 de
808 600 871 662 hac
880 599 1002 680 exigua
1012 601 1080 664 vita
1089 601 1245 683 cogitare.
1286 601 1345 665 Sin

145 704 224 787 quid
240 704 394 768 acciderit
411 703 578 778 maturius,
589 702 678 766 haud
694 723 772 766 sane
788 723 862 766 mea
874 702 1015 767 multum
1026 703 1219 781 interfuerit,
1235 714 1345 768 utrum

146 807 270 872 iactum
285 808 425 885 videam,
440 828 483 871 an
500 806 646 870 futurum
662 827 734 870 esse
749 806 856 871 multo
872 817 949 871 ante
963 808 1113 872 viderim.
1159 808 1255 891 Quae
1269 829 1345 873 cum

147 913 195 977 ita
210 914 284 990 sint,
299 933 365 976 non
388 922 438 976 est
462 911 747 989 committendum,
767 920 803 974 ut
826 912 865 975 iis
887 933 1033 994 paream,
1049 933 1132 995 quos
1155 924 1269 977 contra
1294 934 1374 989 mes

114 1035 134 1081 a
148 1026 291 1092 senatus,
307 1016 443 1099 nequid
460 1037 512 1079 res
527 1015 659 1098 publica
676 1015 865 1079 detrimenti
888 1017 1060 1097 acciperet,
1075 1018 1224 1081 armavit.
1270 1017 1347 1081 Tibi

146 1130 224 1184 sunt
243 1121 355 1184 omnia
378 1120 619 1197 commendata,
634 1139 719 1201 quae
734 1120 1029 1183 commendationis
1047 1140 1141 1184 meae
1156 1142 1216 1203 pro
1239 1130 1298 1185 tuo
1314 1121 1347 1185 in

147 1245 207 1288 nos
222 1245 336 1288 amore
351 1244 417 1286 non
433 1224 592 1304 indigent.
637 1222 709 1285 Nec
724 1222 857 1286 hercule
872 1244 936 1305 ego
956 1224 1090 1304 quidem
1115 1225 1250 1307 reperi0,
1266 1225 1346 1307 quid

147 1329 307 1406 scribam;
328 1330 429 1392 sedeo
445 1327 533 1390 enim
548 1327 743 1408 πλουδοκῷυε
767 1328 828 1390 etsi
845 1327 924 1390 nihil
942 1347 1098 1411 umquam
1115 1337 1184 1391 tam
1197 1326 1257 1391 luit
1269 1328 1348 1391 scri-

147 1435 295 1498 bendum
310 1452 411 1516 quam
425 1430 505 1494 nihil
522 1429 601 1493 mihi
618 1450 776 1513 umquam
793 1452 835 1494 ex
852 1431 1002 1513 plurimis
1013 1432 1079 1495 tuis
1090 1431 1349 1497 iucunditatibus
1363 1453 1394 1490 10

148 1538 273 1623 gratius
288 1536 447 1601 accidisse
459 1556 558 1618 quam
571 1534 660 1617 quod
674 1555 782 1597 meam
795 1534 941 1597 Tulliam
957 1535 1150 1599 suavissime
1165 1536 1347 1619 diligentis-

148 1643 297 1724 simeque
320 1638 591 1705 coluisti-valde
616 1659 656 1702 eo
682 1638 755 1721 ipsa
782 1637 945 1702 delectata
971 1649 1030 1717 est,
1055 1661 1118 1723 ego
1142 1648 1253 1704 autem
1282 1661 1347 1704 non

149 1747 310 1819 minus-,
325 1744 417 1807 cuius
432 1743 566 1825 quidem
581 1742 684 1805 virtus
701 1741 846 1807 mirifica.
881 1741 958 1825 Quo
974 1743 1076 1807 modo
1088 1743 1144 1807 illa
1160 1742 1222 1807 sert
1239 1743 1348 1825 publi·

149 1870 221 1913 cam
233 1847 360 1911 cladem
372 1851 379 1908 l
402 1868 469 1930 quo
483 1847 584 1911 modo
596 1846 796 1911 domesticas
807 1846 922 1911 tricast
938 1857 1082 1930 quantus
1092 1856 1203 1911 autem
1217 1849 1348 1912 animus

149 1955 181 2017 in
203 1954 349 2016 discessu
374 1957 511 2015 nostrol
534 1960 585 2015 est
610 1947 734 2031 στοργή,
751 1960 800 2013 est
823 1972 953 2016 summa
974 1949 1133 2032 σύνιηξιςε
1156 1962 1270 2016 tamen
1287 1973 1348 2017 nos
1363 1973 1391 2025 ¹5

100 2080 135 2126 10
149 2067 240 2122 recte
263 2056 368 2121 iacere
392 2065 425 2119 et
448 2056 532 2119 bene
554 2055 667 2118 audire
692 2055 773 2119 volt.
820 2053 887 2119 Sed
915 2055 976 2121 hac
999 2077 1098 2139 super
1120 2078 1155 2121 re
1178 2058 1284 2133 nimis,
1307 2078 1349 2122 ne

150 2181 257 2226 meam
281 2161 350 2243 ipse
373 2159 563 2240 συμπάθειαν
589 2161 654 2222 iam
682 2179 824 2223 evocem.
870 2161 932 2237 Tu,
958 2161 984 2224 si
1007 2161 1088 2242 quid
1111 2163 1154 2225 de
1178 2160 1350 2245 Hispaniis

183 2331 241 2384 Qui
259 2330 375 2384 quidem
391 2362 398 2374 .
412 2361 419 2375 .
435 2331 486 2376 eat.
519 2325 560 2375 On
578 2325 621 2374 the
638 2323 722 2385 mood‚

149 2408 188 2457 cp.
203 2393 249 2457 Ep.
262 2406 284 2454 a,
297 2405 319 2453 3.
329 2399 395 2442 note.

185 2473 206 2507 ι.
224 2462 304 2507 Unus
326 2458 481 2522 strerrgthens
502 2456 544 2505 the
568 2457 724 2522 superlative.

151 2525 198 2589 Cp.
212 2524 254 2573 Ad
271 2525 340 2573 Fam.
355 2538 392 2586 15.
407 2522 445 2571 16.
459 2538 473 2586 3
486 2539 493 2583 ;
509 2522 619 2587 Philipp.
630 2537 684 2586 23,
694 2535 724 2588 73

150 2591 192 2638 Ad
204 2591 257 2638 Att.
271 2604 292 2650 a
308 2603 348 2650 23,
361 2604 384 2652 5.

186 2670 207 2704 a.
225 2658 444 2712 Illaperpetue.
459 2689 465 2702 .
478 2657 651 2712 hadericus
669 2653 724 2703 The

149 2737 276 2786 pronouns
286 2737 351 2770 seem
366 2728 392 2770 to
403 2736 519 2784 compare
531 2721 597 2769 what
612 2721 633 2769 is
645 2720 724 2769 future

149 2788 211 2837 with
222 2787 288 2836 what
299 2788 320 2834 is
331 2795 435 2850 present.
470 2786 517 2849 Cp.
528 2786 612 2834 Madv.
625 2790 672 2848 485
685 2801 706 2833 a.

183 2856 253 2912 Iam,
265 2856 306 2900 ‘at
319 2867 361 2914 my
370 2849 433 2914 nge,’
442 2866 502 2898 even
514 2851 535 2899 it
544 2867 586 2915 my
594 2850 638 2901 lile
649 2853 670 2900 is
681 2859 725 2899 not

151 2918 280 2968 shorrened
293 2917 325 2979 by
335 2916 455 2966 violence.

185 2987 237 3032 Sin
256 2985 325 3039 quid
341 3019 348 3031 .
367 3021 373 3032 .
392 2984 539 3037 maturina,
557 2981 593 3030 'ii
606 2982 726 3067 anything

150 3048 226 3098 helall
238 3064 278 3097 me
288 3045 446 3111 previously,'
457 3048 473 3096 l.
482 3063 503 3096 e.
516 3047 554 3095 ‘it
563 3047 576 3096 1
587 3047 634 3097 die.
676 3048 725 3110 Cp.

150 3115 260 3178 Philipp.
274 3127 295 3161 1.
306 3128 330 3175 4,
346 3127 376 3162 ιο
386 3114 421 3162 ‘si
433 3113 493 3177 qnid
504 3113 566 3161 mihi
584 3113 727 3161 humanitus

149 3180 295 3230 accidisset!
328 3178 383 3227 The
399 3178 482 3227 words
495 3180 556 3227 refer
572 3186 599 3227 to
618 3175 726 3228 Cicero’s

150 3246 228 3295 desire
245 3252 272 3293 to
284 3244 382 3294 witness
398 3242 510 3293 Caesar’s
528 3243 726 3308 ln11‚expressed

147 3312 199 3374 jnst
213 3311 299 3359 above.
335 3307 561 3359 ‘Maturius'=‘id
578 3311 644 3375 qnod
660 3309 727 3359 lesti-

149 3375 283 3489 natiusllfit:
296 3376 336 3425 eui
348 3376 483 3439 opponitur
492 3390 553 3431 sero,
561 3377 638 3436 tarde,
647 3375 727 3425 lente.’

149 3443 226 3491 Force
248 3477 254 3488 .

183 3520 205 3570 5.
224 3510 272 3566 Ila,
285 3506 300 3555 i.
308 3523 329 3555 e.
341 3505 434 3555 Caesar
445 3506 493 3554 and
505 3507 544 3556 his
556 3507 653 3557 friends.

183 3577 262 3629 Quos
285 3579 391 3622 eontra.
425 3571 466 3620 On
497 3572 539 3622 the
567 3574 676 3636 position
700 3572 729 3621 ol

151 3636 269 3697 ‘contra,'
291 3654 330 3702 cp.
353 3638 402 3686 Pro
429 3637 526 3686 Mnren.
552 3653 576 3701 4,
600 3654 615 3704 9
639 3637 726 3687 ‘illum

150 3705 230 3769 ipsum
242 3719 314 3768 quem
326 3711 412 3753 contra
423 3702 536 3752 veneris)

182 3773 357 3818 Mansuetus
370 3805 375 3816 .
389 3803 394 3815 .
407 3773 535 3819 armavit.
564 3769 659 3829 Cicero,
672 3786 699 3819 es
710 3785 725 3818 a

149 3835 291 3900 proconsul,
315 3835 405 3898 having
428 3834 592 3898 ‘imperinm’
613 3851 665 3884 was
687 3836 725 3883 in·

149 3900 238 3951 eluded
255 3899 280 3947 in
298 3901 340 3949 the
351 3901 510 3949 commission
526 3900 667 3949 mentioned
684 3900 725 3949 Ad

149 3966 220 4014 Fam.
242 3965 279 4014 1⁶.
303 3979 341 4022 11,
362 3979 389 4021 ις
409 3965 480 4014 Caes.
501 3966 563 4016 Bell.
581 3966 636 4016 Civ.
656 3980 676 4014 1.
695 3980 725 4028 5;

149 4030 541 4159 Aldmffllbdt6’.bo⁵mmendate‚
560 4098 587 4146 ‘1
604 4097 667 4146 have
684 4112 725 4148 en·

149 4163 242 4212 trusted
254 4163 288 4210 all
301 4164 313 4210 I
326 4163 388 4212 have
399 4169 427 4212 to
438 4161 504 4226 you!

183 4238 205 4291 7.
223 4232 491 4278 Commendatlonis.
525 4229 565 4278 On
581 4229 623 4278 the
640 4229 724 4293 genit,

149 4309 188 4358 ep.
203 4294 287 4342 Madv.
301 4309 357 4358 295,
368 4295 429 4344 Obs.
442 4308 464 4355 3.

183 4362 239 4408 Pro
250 4364 303 4409 tuo
315 4396 340 4409 ..
358 4375 460 4419 amore,
477 4360 649 4424 ‘considering
665 4375 727 4425 your

149 4423 262 4473 affection
275 4425 314 4474 lor
324 4425 379 4475 me.’
414 4426 461 4490 Cp.
474 4424 558 4474 Madv.
571 4424 627 4489 446.

182 4505 205 4555 9.
226 4494 335 4540 sedeo.
349 4528 355 4541 .
367 4487 528 4548 πλουδοκῶν,
542 4492 594 4541 ‘lor
607 4492 619 4540 1
633 4491 726 4542 remain

773 2325 866 2390 merely
881 2326 984 2390 waiting
1003 2325 1041 2375 lor
1060 2325 1108 2374 fine
1125 2325 1249 2387 westher,¹
1267 2327 1348 2376 which

774 2392 858 2440 would
871 2399 975 2441 account
992 2391 1031 2439 ior
1046 2391 1085 2440 his
1096 2400 1140 2440 not
1153 2393 1256 2456 moving
1272 2392 1349 2442 about

774 2466 800 2506 to
811 2457 901 2507 collect
914 2473 988 2506 news.
1023 2457 1077 2505 The
1093 2457 1175 2507 Greek
1186 2458 1255 2506 word
1271 2473 1350 2507 seems

774 2530 818 2571 not
829 2530 855 2571 to
867 2538 940 2572 occur
951 2521 1090 2573 elsewhere.

807 2591 879 2637 Etsi.
914 2588 1001 2636 Holm.
1032 2587 1076 2636 has
1104 2586 1226 2637 collected
1251 2587 1350 2636 various

774 2653 1350 2784 ttttttlltttllssltfl.Militi

774 2797 804 2845 53
821 2799 844 2847 9·
859 2798 897 2847 ¹92
911 2797 932 2832 ¹·

810 2863 847 2898 ιο,
873 2851 1110 2909 Iucunditatibua,
1143 2850 1305 2899 ‘courtesies’
1322 2870 1345 2890 =

774 2914 903 2965 ‘iucundis
915 2913 1015 2964 officiis!
1049 2914 1155 2964 Forceli,

810 2995 847 3043 13.
866 2984 959 3043 Culus,
983 2979 1089 3030 Tulliae.
1131 2981 1218 3030 llolm
1240 2979 1351 3030 remarks

774 3047 828 3097 that
845 3063 860 3095 a
877 3047 979 3096 relative
995 3047 1055 3095 does
1072 3053 1116 3095 not
1133 3046 1226 3110 always
1243 3046 1305 3097 refer
1322 3054 1350 3096 to

776 3112 817 3161 the
829 3119 923 3161 nearest
934 3113 1092 3161 substantive.

810 3180 956 3227 Publieam
968 3181 1084 3233 cladem,
1097 3177 1153 3226 ‘the
1160 3175 1250 3228 State's
1258 3177 1350 3229 calam·

776 3242 829 3307 ity,'
842 3244 899 3292 ‘the
910 3245 967 3293 civil
979 3244 1046 3291 war!

813 3323 849 3372 14
864 3307 1101 3373 ariom‘nugas‘
1118 3308 1256 3372 (Forcell.),
1269 3316 1349 3359 ‘trou-

776 3373 1350 3439 bles‚'‘difficulties,’perhaps‘extravaganees’

810 3446 941 3498 Quantus
953 3477 958 3489 .
972 3477 977 3488 .
989 3447 1096 3498 nostro,
1108 3444 1115 3468 ‘
1122 3441 1247 3505 howhigh
1256 3457 1271 3488 a
1279 3441 1351 3505 spirit

776 3508 820 3557 she
831 3508 910 3557 shcws
924 3509 949 3556 in
961 3507 1022 3555 view
1034 3507 1063 3554 ol
1074 3522 1116 3569 my
1127 3507 1298 3570 approaching
1308 3507 1350 3555 de-

775 3571 887 3638 parture’
899 3582 925 3621 to
937 3573 978 3620 the
990 3587 1062 3636 camp
1074 3571 1103 3621 ol
1111 3572 1230 3637 Pompey.
1249 3571 1289 3620 On
1301 3572 1351 3622 this

775 3655 843 3688 sense
855 3638 899 3686 οἷ’
910 3636 951 3698 ἰιι,’
963 3654 1002 3702 cp.
1015 3638 1062 3702 Ep.
1075 3637 1114 3700 36,
1129 3651 1166 3699 13,
1178 3646 1245 3687 note.

891 3702 897 3717 '
1023 3703 1028 3714 ·
1070 3706 1077 3729 ι
1192 3704 1197 3714 ·
1242 3702 1277 3729 tc

774 3701 1267 3833 mggoffryitgl'clffisjcffissffilgssiy,
1284 3718 1351 3753 com·

811 3833 847 3882 16.
865 3838 927 3883 Hae
935 3850 1056 3891 superna
1064 3838 1157 3892 nimia,
1166 3835 1228 3891 foll„
1240 3839 1246 3861 ‘
1256 3833 1349 3883 ldwell

775 3907 819 3949 too
831 3899 905 3950 much
918 3917 949 3948 on
961 3900 1019 3960 this,
1031 3900 1080 3949 and
1091 3910 1157 3949 must
1172 3900 1228 3948 take
1239 3916 1294 3949 care
1306 3906 1351 3947 not

775 3974 883 4015 toronae
899 3982 941 4029 my
952 3981 1009 4015 own
1025 3965 1143 4030 feelingsf
1178 3965 1271 4029 Metzg.
1304 3965 1349 4023 Or,

777 4036 835 4080 ‘too
847 4032 920 4080 much
928 4032 959 4079 ol
967 4032 1031 4090 rhis;
1049 4033 1135 4080 Imust
1144 4046 1221 4090 ccasc,
1232 4026 1348 4090 lest,'eto

776 4096 883 4162 ‘Super’
895 4098 954 4146 with
972 4098 1015 4146 the
1025 4097 1074 4146 abl.
1082 4106 1104 4136 ='=
1112 4100 1118 4122 ‘
1126 4094 1174 4155 de,’
1186 4096 1207 4142 is
1221 4103 1264 4144 not
1281 4110 1349 4144 com·

775 4179 833 4211 mon
854 4164 879 4211 in
898 4164 994 4223 Cicero,
1013 4162 1062 4211 and
1081 4162 1141 4224 only
1160 4176 1246 4209 occurs
1267 4161 1291 4208 in
1311 4160 1350 4209 his

776 4229 865 4277 letters.
879 4229 965 4277 Holm.
983 4229 1109 4276 lehmann
1123 4233 1158 4290 (p.
1170 4227 1227 4289 109)
1237 4232 1350 4314 supgests

775 4294 818 4343 the
828 4293 946 4343 insertion
963 4294 992 4341 ol
1001 4296 1007 4320 ‘
1017 4291 1062 4342 ne'
1076 4293 1161 4342 before
1174 4291 1269 4341 ‘nimis
1312 4291 1349 4341 M.

775 4375 854 4410 seems
865 4368 892 4409 to
903 4359 966 4408 have
980 4357 1083 4408 ‘remis‘

811 4437 848 4488 ιγ.
866 4422 1031 4491 συμπάθειαν.
1066 4425 1119 4474 Not
1136 4422 1255 4484 classical,
1274 4440 1351 4490 appa·

776 4493 862 4555 rently.
