3030 5542
177 414 238 472 ¹14
520 396 570 456 M.
597 395 760 457 TULLII
782 396 1035 458 CICERONIS
1241 397 1335 478 [enar
1350 416 1372 459 1.

173 587 230 629 eos
253 586 320 629 non
343 566 511 647 sequebar,
536 568 591 650 qui
615 569 783 649 petebant.
839 566 939 650 Quod
963 567 991 631 si
1013 568 1134 632 nostris
1156 568 1300 632 consiliis
1324 569 1405 632 usia

173 689 321 735 essemus
343 690 451 752 neque
473 671 562 753 apud
587 692 648 735 nos
670 680 800 736 tantum
822 670 980 735 valuisset
995 692 1105 736 sermo
1124 683 1181 735 aut
1198 671 1374 735 stultorum

173 774 355 837 amicorum
377 783 436 836 aut
459 774 697 857 improborum,
723 775 905 838 beatissimi
935 774 1138 838 viveremus:
1169 796 1264 851 nunc,
1290 796 1375 857 quo-

174 877 262 940 niam
286 898 417 960 sperare
438 896 499 941 nos
521 878 617 941 amici
640 879 763 955 iubent,
779 879 868 943 dabo
892 899 1036 961 operam,
1055 898 1096 940 ne
1120 898 1193 941 mea
1215 877 1375 943 valetudo

144 991 231 1058 5tuo
259 980 362 1044 labori
389 981 485 1044 desit.
540 981 608 1044 Res
634 991 759 1064 quanta
784 983 835 1058 sit,
861 982 1027 1065 intellego,
1054 992 1245 1065 quantoque
1277 983 1376 1048 fuerit

174 1084 300 1147 facilius
321 1104 451 1148 manere
466 1084 558 1148 domi
574 1105 674 1167 quam
692 1085 817 1162 redire3
840 1086 898 1149 sed
914 1097 1035 1163 tamen,
1051 1086 1078 1148 si
1095 1106 1209 1149 omnes
1224 1087 1376 1150 tribunos

173 1187 214 1272 pl.
231 1187 402 1263 habemus
417 1188 444 1251 si
460 1187 642 1251 Lentulum
665 1199 735 1252 tam
757 1190 953 1268 studiosum,
967 1208 1068 1272 quam
1090 1190 1230 1266 videtur,
1246 1191 1272 1252 si
1295 1211 1374 1253 vero

173 1293 273 1355 etiam
285 1291 479 1375 Pompeium
495 1299 528 1355 et
540 1289 726 1365 Caesarem,
739 1312 804 1355 non
821 1301 871 1357 est
885 1292 1139 1376 desperandum.
1175 1293 1227 1356 De
1240 1293 1373 1373 familia,
1387 1307 1405 1353 a

173 1416 241 1476 quo
263 1396 363 1458 modo
383 1393 545 1478 placuisse
568 1395 683 1459 scribis
704 1396 829 1473 amicis,
845 1396 1022 1472 faciemus;
1044 1397 1086 1460 de
1101 1396 1183 1471 loc0‚
1200 1417 1285 1461 nunc
1301 1399 1375 1480 qui·

129 1526 160 1562 ιο
174 1500 250 1561 dem
278 1499 344 1561 iam
367 1499 446 1562 abiit
470 1498 666 1582 pestilentia,
689 1500 748 1562 sed
772 1519 873 1582 quam
896 1500 953 1563 diu
976 1500 1047 1576 fuit,
1071 1519 1126 1562 me
1157 1520 1224 1563 non
1252 1502 1372 1584 attigit.

175 1602 335 1678 Plancius,
358 1601 459 1665 homo
482 1602 749 1679 officiosissimus,
775 1623 828 1666 me
850 1604 941 1686 cupit
964 1623 1036 1666 esse
1062 1613 1174 1667 secum
1201 1614 1234 1668 et
1264 1603 1373 1668 adhuc

172 1708 301 1770 retinet.
358 1705 434 1787 Ego
456 1705 610 1769 volebam
634 1706 708 1770 loco
735 1707 841 1790 magis
863 1707 995 1770 deserto
1017 1727 1088 1770 esse
1111 1707 1144 1768 in
1169 1706 1281 1788 Epiro,
1305 1727 1374 1789 quo

173 1830 281 1892 neque
299 1810 408 1891 Hispo
422 1810 548 1873 veniret
563 1830 624 1874 nec
639 1810 770 1885 milites,
785 1810 843 1873 sed
860 1809 970 1873 adhuc
987 1810 1137 1874 Plancius
1158 1830 1212 1874 me
1232 1811 1351 1874 retinet
1365 1833 1374 1889 3

173 1924 284 1997 sperat
299 1933 396 1995 posse
412 1913 490 1989 fieri,
506 1922 541 1977 ut
559 1933 687 1977 mecum
710 1914 743 1975 in
760 1913 893 1977 Italiam
909 1913 1071 1977 decedat:
1090 1933 1189 1994 quem
1206 1934 1267 1997 ego
1283 1914 1372 1977 diem

131 2040 160 2090 15
174 2017 201 2079 si
225 2017 340 2080 videro
368 2025 401 2080 et
424 2016 451 2080 si
474 2017 506 2079 in
529 2027 675 2081 vestrum
705 2016 919 2099 complexum
943 2037 1063 2081 venero
1086 2037 1125 2081 ac
1153 2018 1179 2079 si
1202 2026 1235 2080 et
1257 2037 1315 2079 vos
1338 2025 1373 2080 et

175 2140 229 2183 me
244 2120 352 2203 ipsum
377 2139 581 2203 recuperato,
597 2121 677 2184 satis
700 2141 857 2204 magnum
877 2120 958 2184 mihi
981 2121 1123 2184 fructum
1146 2120 1282 2184 videbor
1296 2140 1371 2202 per-

174 2225 300 2307 cepisse
323 2233 356 2287 et
379 2233 507 2288 vestrae
531 2225 665 2308 pietatis
689 2235 723 2289 et
746 2245 849 2288 meae.
895 2224 1022 2288 Pisonis
1044 2223 1242 2299 humanitas,
1257 2224 1405 2302 virtus,4

174 2348 268 2391 amor
295 2328 327 2390 in
356 2348 470 2392 omnes
501 2349 560 2391 nos
590 2339 702 2393 tantus
733 2338 791 2406 est,
814 2336 852 2392 ut
873 2327 954 2391 nihil
977 2349 1074 2410 supra
1092 2328 1217 2409 possit:
1245 2328 1371 2391 utinam

211 2468 231 2504 1.
250 2457 308 2512 Qut
330 2459 474 2515 petebant,
494 2455 569 2505 ‘who
592 2456 683 2521 songht
704 2472 747 2519 my
834 2470 857 2520 9.
875 2459 917 2511 De
936 2458 1007 2515 looo,
1027 2458 1113 2505 ‘asto
1132 2453 1174 2504 the
1192 2461 1255 2505 state
1278 2454 1308 2504 of
1323 2454 1374 2504 this

174 2520 309 2585 friendship
318 2518 339 2579 3'
355 2521 371 2569 i.
379 2537 400 2570 e.
413 2521 514 2581 Caesar,
526 2522 583 2571 who
595 2522 645 2570 had
656 2520 749 2571 offered
800 2520 888 2585 place,'
900 2520 1085 2570 Thessalonica.

174 2588 226 2636 him
245 2603 261 2636 a
276 2595 335 2653 post
349 2603 379 2636 as
394 2587 434 2636 his
450 2586 540 2651 legate.
574 2588 622 2652 Cp.
640 2587 688 2653 Ep.
711 2600 750 2647 11,
835 2600 874 2634 ro.
891 2589 1005 2644 Atttglt,
1019 2583 1167 2635 ‘attached'

175 2668 199 2716 3.
836 2665 873 2701 11.
892 2655 941 2701 On.
956 2654 1089 2701 Planctus
1096 2667 1147 2698 was
1160 2666 1217 2700 now
1225 2659 1340 2715 quaestor
1347 2659 1375 2700 to

209 2733 231 2768 a.
249 2722 309 2766 Aut
326 2721 499 2768 stultorum
519 2755 525 2768 .
541 2725 591 2768 snt
607 2721 748 2775 improbo
800 2717 829 2766 L.
844 2717 981 2781 Appuleius
993 2718 1018 2766 in
1030 2717 1185 2775 Macedonia,
1195 2716 1246 2765 and
1256 2716 1376 2766 rendered

174 2799 246 2844 rum,
259 2783 303 2832 ‘of
312 2784 405 2833 friends
415 2783 473 2832 who
484 2800 548 2833 were
558 2784 636 2834 either
647 2783 747 2841 foolish,
801 2783 890 2833 Cicero
912 2792 980 2847 great
1008 2783 1119 2838 services,
1167 2781 1234 2845 'ving
1261 2782 1314 2830 him
1342 2798 1375 2830 an

176 2849 250 2898 “like
262 2850 360 2898 Atticus
372 2849 420 2898 and
436 2848 542 2913 perhaps
553 2847 641 2898 Cato”
654 2850 748 2913 (Tyrr.)
801 2849 898 2911 asylum
910 2849 935 2897 in
947 2848 986 2896 his
997 2847 1087 2897 official
1099 2848 1145 2896 resi
1164 2863 1230 2896 enee.
1265 2847 1312 2912 cp.
1324 2847 1375 2896 Pro

175 2932 203 2964 or
216 2915 372 2964 treacbcrons
385 2915 461 2964 “like
472 2914 560 2963 Arrius
576 2915 625 2963 and
641 2914 748 2964 Horten·
801 2914 885 2963 Plane.
900 2927 992 2976 41,4a.
1027 2913 1131 2963 Hewas
1142 2913 1239 2961 tribune
1255 2913 1280 2960 ln
1293 2912 1375 2975 57-56

175 2979 261 3029 sius”'
274 2980 377 3042 (Tyra).
801 2991 865 3038 nc,
885 2979 935 3028 and
954 2986 1011 3028 next
1031 2994 1089 3043 year
1105 2994 1157 3026 was
1175 2977 1270 3027 elected
1290 2977 1376 3027 curule

209 3059 231 3105 3.
249 3047 418 3094 Beatissimi.
462 3044 503 3094 On
535 3044 577 3094 the
605 3044 693 3108 adject.
721 3060 749 3093 as
801 3045 889 3104 aedile,
912 3045 956 3094 bnt
982 3044 1086 3094 accused
1107 3044 1138 3092 of
1160 3043 1259 3107 bribery
1281 3043 1314 3106 by
1337 3043 1374 3092 M.

175 3109 275 3163 adverb.
287 3125 328 3159 see
341 3110 387 3174 Ep.
403 3123 425 3170 a,
440 3123 461 3168 a,
474 3118 532 3159 note
545 3126 576 3158 on
589 3127 613 3175 p.
627 3122 665 3171 32.
800 3110 927 3159 Iuventius
949 3109 1095 3158 Laterensis.
1140 3109 1230 3158 Cicero
1252 3108 1376 3159 defended

207 3191 230 3238 4
249 3179 293 3223 Ne
308 3190 371 3224 mea
388 3211 394 3223 .
414 3211 419 3222 .
437 3178 521 3235 desit,
534 3179 575 3224 ‘to
590 3184 691 3240 prevent
707 3177 749 3226 the
800 3176 853 3224 him
871 3175 1030 3239 suecessfnlly
1042 3175 1067 3223 in
1078 3191 1094 3223 a
1107 3175 1196 3238 speech
1213 3173 1264 3223 still
1281 3182 1375 3224 extant.

175 3249 237 3291 state
249 3241 278 3289 of
286 3257 328 3304 my
339 3240 426 3289 healtb
437 3242 539 3304 making
554 3258 616 3305 your
627 3243 749 3291 exertions
801 3241 844 3289 He
855 3241 876 3289 is
889 3241 1027 3290 mentioned
1038 3256 1067 3288 as
1083 3239 1161 3304 living
1173 3241 1197 3288 in
1210 3240 1273 3289 exile
1284 3240 1376 3305 during

175 3305 297 3356 fruitless’
331 3306 398 3354 That
415 3306 456 3355 the
476 3314 539 3355 state
555 3306 585 3355 of
605 3323 647 3371 my
663 3307 749 3357 health
801 3307 843 3356 the
859 3306 917 3356 civil
929 3322 986 3356 war.
1020 3305 1069 3370 Cp.
1081 3306 1123 3354 Ad
1139 3306 1208 3355 Fam.
1224 3322 1248 3368 4.
1263 3319 1308 3368 145
1328 3319 1374 3369 15;

176 3389 233 3435 may
248 3380 291 3421 not
305 3371 363 3419 ‘fail
380 3379 408 3420 to
424 3372 515 3421 second
532 3387 593 3435 your
611 3371 748 3422 exertions.’
800 3372 849 3420 and
862 3373 909 3420 Pro
921 3371 1004 3421 Plane.
1017 3371 1119 3435 passim.

176 3438 245 3501 Tyrr.
263 3438 313 3487 ‘Ut
329 3436 432 3496 valeam,
447 3453 477 3486 ne
496 3446 523 3487 tu
543 3454 656 3502 promea
670 3439 748 3489 salute
833 3440 1059 3494 Meoupttesee:
1077 3436 1176 3499 seeEp.
1190 3450 1227 3499 15·
1244 3449 1280 3494 11,
1293 3446 1360 3488 note.
1421 3467 1426 3477 ·

174 3504 263 3552 frastra
274 3502 384 3551 laborem
396 3503 531 3567 suscipias:
565 3504 660 3553 Manat.
835 3516 872 3563 13.
890 3505 990 3560 Hispo.
1019 3501 1148 3565 Supposed
1161 3502 1192 3565 by
1204 3502 1281 3551 Orell.
1295 3504 1375 3562 (Ono-

207 3571 348 3618 valetudo
366 3569 387 3616 is
403 3585 418 3616 a
435 3569 531 3618 neutral
541 3569 617 3628 word,
633 3571 749 3632 meaning
800 3576 872 3617 mast.
885 3569 940 3629 s.v.)
951 3575 978 3616 to
990 3566 1053 3616 have
1064 3568 1125 3615 been
1138 3582 1170 3614 an
1181 3567 1265 3616 officer
1276 3576 1330 3616 sent
1341 3569 1375 3632 by

174 3632 253 3683 either
263 3634 331 3696 good
343 3649 371 3681 or
382 3633 514 3683 ill-health.
549 3635 655 3685 Forcell.
800 3635 843 3683 the
865 3632 964 3682 consuls
990 3640 1017 3681 to
1039 3632 1120 3681 wateh
1143 3633 1232 3681 Cicero
1254 3633 1279 3680 in
1302 3634 1374 3683 exile.

208 3698 230 3747 6.
251 3702 282 3747 si
299 3714 396 3749 omnes
416 3702 562 3750 tribunosz
591 3704 630 3766 c'p.
652 3705 665 3760 5
689 3715 701 3749 a
723 3700 752 3750 of
800 3700 914 3748 Wesenb.
931 3705 1044 3762 suggests
1062 3696 1149 3757 ‘Piso,’
1167 3700 1211 3747 i.e.
1230 3698 1273 3748 the
1289 3699 1377 3748 consul

175 3765 216 3814 the
227 3765 341 3828 previous
352 3764 430 3815 letter.
800 3765 829 3814 of
846 3766 877 3827 58
897 3775 961 3823 n.c.,
978 3763 1035 3813 who
1051 3770 1114 3812 went
1132 3771 1159 3813 to
1179 3763 1329 3814 Macedonia
1348 3780 1376 3814 as

209 3840 231 3892 7.
250 3833 411 3880 Lentulum.
446 3831 474 3880 P.
494 3830 614 3880 Lentulus
632 3831 749 3897 Spinther
799 3830 940 3895 proconsul.

175 3895 224 3944 had
236 3896 297 3945 been
308 3895 402 3946 elected
418 3896 503 3946 consul
515 3897 553 3946 for
565 3909 596 3962 57
608 3909 631 3945 u.
640 3910 663 3946 e.
699 3898 750 3946 For
832 3898 959 3970 Veniret,
973 3894 1165 3979 ‘might'come'
1198 3893 1305 3960 SeeEp.
1318 3909 1340 3959 5,
1351 3897 1375 3958 8,

174 3962 403 4092 ἲςῗῐὲῖῗξῗξὲ
411 3962 750 4088 tall³l²rr⁵t1fttz²¹⁵
800 3960 1226 4088 ⁰⁰lt.⁰¹ll¹l3?.?tf·‹.,n...
1241 4023 1304 4086 ..re
1319 4031 1377 4093 «m,

210 4096 333 4152 sivero,
354 4091 748 4157 ‘ifmoreover,'‘certahrlyif.'
800 4091 842 4141 old
856 4088 980 4155 position!
1014 4091 1061 4155 Cp.
1076 4090 1152 4138 ‘mihi
1167 4092 1375 4154 restitntns’in5

174 4157 220 4208 See
232 4158 317 4207 Madv.
331 4168 379 4221 437
391 4159 415 4208 d.
802 4169 816 4218 3
828 4157 858 4206 of
867 4157 908 4205 the
919 4156 1052 4270 preceding
1062 4156 1139 4217 letter,
1153 4156 1204 4206 and
1216 4158 1344 4210 ‘desidero
1353 4196 1375 4211 ..

209 4224 232 4271 8.
250 4227 292 4272 De
314 4225 431 4283 familis,
461 4225 553 4273 ‘about
580 4233 626 4272 our
653 4219 749 4272 slaves!
800 4238 839 4271 me
851 4219 945 4286 ipsum'
959 4223 1029 4286 Epi

176 4288 332 4353 Apparently
349 4289 437 4339 Cicero
453 4289 503 4338 had
522 4290 584 4339 been
602 4288 705 4337 advised
722 4296 750 4337 to
836 4298 873 4351 17.
891 4292 1009 4337 Vestrae
1034 4290 1150 4346 pletatis
1171 4294 1202 4339 et
1223 4304 1310 4349 mese,
1333 4290 1380 4340 ‘of

175 4355 330 4419 emancipare
359 4354 434 4409 them,
469 4354 518 4403 and
553 4354 669 4403 Terentia
698 4369 751 4401 was
800 4368 862 4417 your
871 4353 990 4403 devotion
1001 4360 1030 4405 to
1045 4368 1093 4413 me,
1105 4354 1154 4403 and
1170 4354 1200 4404 of
1214 4356 1281 4404 mine
1294 4363 1322 4405 to
1332 4371 1376 4421 my

176 4419 279 4468 anxious
291 4426 354 4468 asto
369 4420 412 4469 the
427 4419 511 4468 bearin
540 4418 589 4468 this
604 4426 659 4482 step
670 4418 750 4482 might
801 4418 920 4482 country.¹

176 4482 283 4532 haveon
299 4483 343 4533 her
357 4485 475 4535 interests.
506 4435 613 4548 {perd
625 4483 696 4533 Fam.
711 4496 750 4547 14.
836 4486 873 4534 18.
891 4488 932 4533 Ut
942 4487 1017 4534 nthll
1032 4500 1118 4543 supra
1132 4490 1231 4550 possit,
1245 4500 1281 4537 sc.
1294 4485 1377 4538 ‘esse’

176 4561 199 4609 4,
212 4562 236 4609 4
801 4548 847 4600 See
858 4550 943 4600 Madv.
954 4551 1011 4616 478,
1023 4549 1085 4600 Obs.
1097 4564 1120 4614 3.

1051 4236 1093 4282 ,a
