3030 5542
208 812 273 881 534
554 797 606 860 M.
632 796 797 859 runnrr
815 794 1071 859 crcsnon'rs
1271 788 1371 882 [nm
1385 811 1418 859 v.

207 966 307 1031 leaving
322 966 395 1032 Italy.
429 965 580 1017 Remember
589 972 669 1017 meto
679 966 771 1016 Attiea.
804 964 819 1014 1
834 981 877 1015 am
893 964 999 1015 anxious
1013 973 1041 1014 to
1055 980 1097 1016 see
1113 963 1137 1014 'nl
1148 963 1286 1015 Dolabella
1296 963 1351 1015 vul
1363 980 1418 1030 pay

208 1045 248 1093 his
259 1045 317 1094 debt
329 1053 356 1094 to
368 1059 418 1094 me.

662 1152 794 1202 CICERO
817 1152 959 1202 amco.

255 1269 340 1334 Cum
351 1271 452 1354 paulo
463 1279 542 1334 ante
554 1271 719 1333 dedissem
729 1270 772 1334 ad
785 1281 820 1334 te
832 1270 937 1335 Cassii
947 1269 1119 1334 tabellario
1134 1270 1271 1346 litteras,
1281 1283 1316 1334 V.
1331 1271 1442 1334 idusl

210 1376 301 1440 venit
316 1382 429 1438 noster
445 1375 645 1450 tabellarius,
660 1385 695 1438 et
710 1375 855 1456 quidem,
871 1375 1017 1458 portenti
1039 1374 1154 1449 simile,
1174 1376 1245 1438 sine
1267 1375 1336 1438 tuis
1357 1375 1415 1437 lit-

211 1480 311 1556 teris,
334 1480 392 1541 sed
407 1480 474 1543 cito
490 1479 614 1542 conieci
629 1477 770 1541 Lanuvii
786 1488 821 1541 te
835 1478 944 1542 fuisse.
990 1478 1076 1542 Eros
1098 1489 1210 1543 autem
1234 1478 1414 1550 festinavit,

210 1594 247 1647 ut
258 1585 301 1649 ad
315 1605 368 1647 me
376 1583 505 1648 litterae
518 1582 714 1648 Dolabellae
726 1582 955 1665 preferrentur,
966 1605 1032 1648 non
1043 1586 1085 1648 de
1097 1605 1131 1647 re
1144 1586 1414 1648 mea-nondum

182 1690 298 1762 senim
316 1708 407 1752 meas
422 1699 647 1771 acceperat—,
662 1691 721 1752 sed
737 1688 905 1769 rescripsit
919 1690 963 1752 ad
979 1708 1046 1765 eas,
1058 1707 1196 1769 quarum
1217 1688 1414 1771 exemplum

210 1792 271 1856 tibi
293 1793 456 1864 miseram,
473 1812 553 1856 sane
573 1792 747 1856 luculente.
787 1791 846 1856 Ad
865 1812 919 1856 me
936 1803 1058 1867 autem,
1075 1812 1152 1856 cum
1175 1789 1281 1856 Cassii
1305 1792 1444 1857 rabel-a

209 1896 325 1959 larium
341 1896 549 1972 dimisissem,
563 1897 676 1960 statim
694 1895 829 1959 Balbus·
886 1895 987 1960 Odei
1004 1897 1092 1971 boni,
1110 1916 1211 1979 quam
1227 1895 1323 1959 facile
1338 1918 1415 1978 per-

210 2001 353 2081 spiceres
368 2001 486 2064 timere
501 2000 625 2064 otiuml
649 2009 682 2063 et
703 2001 789 2063 nosti
812 2000 929 2074 virum,
945 2020 1045 2080 quam
1069 2008 1195 2077 tectus;
1218 2001 1277 2063 sed
1300 2011 1416 2064 tamen

209 2102 352 2168 Antonii
377 2104 513 2168 consilia
539 2104 713 2167 narrabat:
746 2103 838 2167 illum
869 2104 1040 2168 circumire
1065 2113 1248 2177 veteranos,
1276 2113 1313 2168 ut
1338 2114 1418 2168 acta

168 2226 199 2261 10
212 2205 361 2270 Caesaris
378 2208 543 2271 sancirent
558 2208 657 2289 idque
671 2228 708 2271 se
722 2207 868 2271 facturos
890 2227 961 2270 esse
983 2207 1137 2282 iurarent,
1152 2217 1188 2270 ut
1203 2217 1276 2272 rata
1298 2228 1416 2271 omnes

210 2309 371 2374 haberent
386 2330 491 2392 eaque
506 2311 669 2374 duumviri
685 2312 842 2374 omnibus
852 2312 1020 2374 mensibus
1031 2312 1239 2393 inspicerent.
1266 2311 1417 2393 Questus

211 2424 261 2477 est
277 2415 378 2477 etiam
394 2414 437 2478 de
452 2434 511 2477 sua
526 2414 657 2487 invidia,
673 2434 779 2496 eaque
794 2415 903 2477 omnis
926 2416 997 2477 eius
1019 2416 1126 2478 oratio
1148 2415 1219 2491 suit,
1241 2425 1279 2479 ut
1301 2436 1417 2480 amare

210 2518 376 2580 videretur
390 2516 585 2581 Antonium.
632 2517 723 2601 Quid
743 2518 899 2599 q'uaeris?
923 2517 1003 2580 nihil
1025 2519 1152 2581 sinceri.
1199 2518 1283 2581 Mihi
1299 2529 1445 2583 autem³

212 2641 277 2683 non
293 2629 344 2684 est
359 2623 497 2684 dubium
514 2623 594 2702 quin
611 2642 663 2684 res
678 2631 806 2706 spectet
820 2623 864 2685 ad
880 2630 1006 2686 castra:
1028 2633 1104 2687 acta
1123 2622 1210 2685 enim
1228 2622 1284 2685 illa
1295 2643 1348 2686 res
1363 2633 1415 2686 est

169 2738 197 2787 ¹5
211 2725 323 2788 animo
352 2724 447 2799 virili,
470 2726 608 2789 consilio
639 2725 772 2809 puerili:
806 2726 879 2808 quis
908 2726 998 2789 enim
1022 2725 1086 2789 hoc
1111 2746 1178 2789 non
1203 2726 1296 2805 vidit,
1321 2728 1414 2810 regni

211 2828 366 2892 heredem
382 2828 556 2893 relictum?
576 2830 658 2911 quid
677 2840 790 2893 autem
804 2830 1004 2894 absurdius?

459 2956 514 3011 hoc
531 2968 663 3023 metuere,
681 2959 801 3012 alterum
819 2957 849 3012 in
867 2968 946 3012 metu
965 2973 1022 3012 non
1042 2957 1165 3027 ponere?

213 3077 303 3161 Quin
318 3078 420 3142 etiam
435 3078 498 3143 hoc
514 3079 586 3161 ipso
605 3089 755 3162 tempore
770 3079 875 3143 multa
889 3078 1086 3143 ιἠτοσόλοικα,
1132 3078 1240 3143 Pontii
1254 3078 1416 3162 Neapoli·

217 3278 225 3287 ,
247 3245 268 3280 a.
288 3234 357 3282 Sine
368 3235 427 3281 tuis
440 3234 564 3282 litteris:
581 3248 621 3296 cp.
633 3231 681 3296 Ep.
696 3245 750 3287 100,
762 3244 786 3293 3,
837 3229 911 3292 vass:
932 3230 1049 3292 nomeu,
1066 3231 1112 3281 but
1128 3231 1151 3281 is
1167 3248 1183 3281 a
1199 3232 1283 3282 rather
1301 3241 1417 3299 stronger

211 3305 278 3346 note.
837 3308 908 3347 tenu.

246 3376 268 3424 3.
287 3365 418 3412 Lanuvii
452 3364 490 3413 M.
511 3363 600 3412 Brutus
619 3364 667 3412 end
687 3362 789 3413 Cassius
873 3377 910 3412 ro.
930 3364 1415 3420 quneae..haberent,‘andwonld

212 3444 276 3477 were
295 3429 363 3477 there
386 3429 517 3493 probably,
537 3429 586 3477 and
609 3430 709 3478 Atticus
731 3444 789 3492 may
838 3444 922 3478 seeme
940 3428 995 3477 that
1015 3428 1080 3477 their
1098 3429 1203 3493 validity
1220 3429 1311 3478 should
1330 3430 1361 3480 be
1380 3447 1415 3480 re-

213 3494 276 3542 hare
287 3510 352 3557 gone
363 3502 390 3544 to
402 3496 459 3544 visit
471 3511 518 3543 one
534 3495 563 3543 ol
576 3494 652 3543 thern.
686 3494 733 3557 Cp.
746 3494 788 3542 ad
838 3494 938 3559 spected
966 3495 999 3557 by
1025 3510 1099 3557 every
1120 3493 1184 3544 one!
1230 3496 1346 3544 ll'eaenb.
1370 3497 1417 3545 has

213 3561 265 3608 au.
279 3573 316 3622 ¹4·
331 3573 368 3620 10,
383 3574 411 3620 13
424 3562 491 3624 App.
503 3560 566 3609 Bell.
576 3561 631 3610 Civ.
642 3572 665 3621 3.
675 3574 701 3623 ῃ
713 3561 789 3609 hieri-
838 3557 937 3609 ‘arma'
954 3559 992 3609 lor
1009 3559 1096 3617 ‘rata’
1114 3561 1251 3625 supposing
1267 3561 1310 3610 the
1326 3561 1416 3611 dnum·

212 3625 268 3674 vale
278 3639 300 3686 3.
314 3636 354 3686 77.
838 3626 923 3673 virito
935 3625 965 3673 be
980 3625 1022 3674 the
1036 3626 1192 3688 magistrates
1208 3626 1237 3674 ol
1248 3626 1291 3675 the
1303 3627 1416 3676 different

245 3694 334 3739 Elaos:
353 3707 391 3754 cp.
405 3690 453 3754 Ep.
465 3689 506 3754 96,
518 3706 543 3751 4,
554 3698 621 3739 note.
838 3691 948 3740 colonies
963 3692 988 3738 in
1004 3691 1086 3741 which
1102 3691 1145 3741 the
1157 3700 1269 3741 veterane
1284 3692 1336 3741 bad
1353 3692 1415 3742 been

245 3772 268 3817 4
286 3759 328 3804 De
340 3771 370 3804 re
382 3771 454 3817 mea,
470 3756 563 3804 ‘about
577 3771 619 3819 my
633 3771 688 3805 own
700 3754 788 3816 allair,'
838 3755 1000 3807 established.

212 3822 252 3871 ie.
264 3821 304 3869 his
315 3821 373 3869 debt
388 3829 415 3870 to
430 3837 477 3870 me.
512 3822 559 3885 Cp.
571 3821 613 3869 ad
630 3824 683 3871 Λα.
697 3834 735 3882 14
750 3824 787 3881 18,
875 3834 911 3869 ιι.
929 3825 1089 3871 Duumviri.
1123 3821 1204 3871 These
1219 3837 1282 3871 were
1293 3823 1417 3887 probably

216 3900 224 3933 r
242 3885 318 3998 ‘Kal¹
337 3887 389 3934 lan.
407 3886 494 3936 debuit
511 3886 671 3952 [Dolabella]
683 3903 690 3946 ;
706 3886 790 3937 adhuc
839 3887 908 4000 tpnbe
919 3887 1013 3951 special
1024 3887 1223 3937 commissionem
1234 3887 1372 3952 appointed
1383 3890 1416 3953 by

212 3967 262 4000 non
273 3967 302 4000 so
312 3949 365 3999 vit!
882 3962 925 4002 ton
943 3990 949 4000 .

246 4030 269 4077 5.
287 4019 452 4077 Rescripsit,
465 4016 607 4067 Dolabella.
875 4032 913 4067 12.
927 3969 974 4066 hle
991 4033 1043 4067 ana
1062 4020 1182 4078 invidia,
1199 4019 1293 4068 ‘about
1312 4019 1352 4068 his
1371 4035 1417 4068 un-

245 4086 310 4141 llles,
322 4081 360 4131 i.e.
374 4082 422 4145 Ep.
438 4096 490 4132 111.
839 4082 999 4148 popularity’
1010 4099 1038 4132 as
1049 4099 1065 4132 a
1076 4083 1154 4133 friend
1166 4083 1195 4132 oi
1202 4083 1301 4133 Caesar.
1319 4085 1417 4135 hlnnnt.

244 4146 269 4196 6.
287 4150 452 4207 Luculente,
472 4148 513 4196 ‘in
529 4149 650 4199 excellent
665 4147 785 4199 terms'·
875 4163 912 4210 ¹3·
931 4152 1014 4197 Nihil
1035 4152 1143 4206 sinderi,
1163 4148 1247 4198 ‘there
1267 4150 1289 4198 is
1310 4151 1416 4215 nothing

213 4210 312 4262 ‘clare'
338 4214 430 4278 ‘Aptis
441 4224 465 4264 et
476 4214 586 4278 copiosis
597 4213 693 4264 verbis!
728 4215 788 4263 For·
839 4214 928 4264 honest
944 4217 969 4263 in
987 4213 1057 4273 him,'
1075 4215 1119 4264 i.e.
1140 4214 1241 4263 Balbus

212 4278 268 4328 cell.
875 4292 912 4343 14
930 4283 1009 4336 Quin
1019 4295 1065 4328 res
1076 4286 1184 4337 spectet
1195 4283 1231 4329 ad
1242 4286 1343 4340 naama,
1354 4284 1362 4308 ‘
1372 4282 1416 4331 but

248 4356 271 4406 7.
290 4347 393 4394 statim
404 4348 518 4405 Balbus,
531 4361 564 4396 sc
578 4347 679 4394 ‘venit'
839 4345 893 4395 that
910 4347 994 4409 things
1010 4345 1071 4394 hold
1090 4353 1133 4395 out
1150 4360 1166 4393 a
1181 4354 1297 4410 prospect
1307 4346 1337 4396 ol
1347 4345 1415 4396 war?

246 4412 269 4459 8.
288 4414 399 4460 ¹Pimouo
411 4416 509 4471 otium,
521 4411 649 4461 ‘isalraid
658 4412 688 4460 ol
695 4410 789 4476 peaoe,’
839 4411 886 4476 Cp
900 4412 946 4476 Ep.
958 4427 999 4474 43,
1014 4426 1035 4466 r,
1046 4420 1111 4460 note.

213 4474 301 4525 ‘looks
312 4476 417 4525 lorward
429 4487 456 4526 to
467 4478 487 4525 it
499 4477 558 4526 with
570 4476 665 4526 alarm!
872 4480 928 4526 Illa
939 4492 993 4537 ree,
1005 4478 1048 4526 ie.
1062 4476 1120 4526 ‘the
1131 4476 1230 4526 murder
1240 4476 1271 4525 ol
1278 4476 1388 4527 Caesar?

246 4546 357 4602 'l'ectua
382 4540 525 4602 ‘reserved,'
547 4543 692 4592 ‘cautious’
726 4543 789 4592 For·
875 4555 912 4604 ¹5·
929 4546 1023 4600 Regni
1033 4543 1230 4603 heredem,i.e
1242 4544 1353 4605 Antouy.

213 4607 269 4658 cell.
292 4608 361 4672 gives
384 4608 526 4658 ‘occultus’
548 4607 598 4656 and
622 4606 740 4657 ‘mutus'
761 4624 790 4659 aa
875 4607 1417 4670 17.Hoometnene..poners,⁴toiear

213 4689 353 4737 synonyms.
839 4673 881 4722 the
888 4674 1024 4737 monarchy
1032 4673 1082 4722 and
1090 4672 1298 4723 notbeafraidol
1304 4675 1337 4723 its
1344 4673 1416 4724 heir?

246 4754 270 4802 9.
288 4742 444 4789 Circumire
458 4746 616 4797 veteranos,
630 4738 789 4788 ‘iscanvass-
838 4739 879 4787 An
891 4738 982 4788 iambic
993 4739 1051 4789 line.
1063 4738 1185 4804 probably
1196 4739 1260 4788 lrom
1272 4739 1367 4804 aplay.
1392 4740 1416 4790 lt

214 4805 257 4868 ing
268 4805 310 4854 the
322 4802 450 4866 veternus,’
465 4804 599 4869 especially
612 4803 685 4855 those
699 4804 789 4855 settled
839 4805 964 4869 isqnoted
975 4805 1029 4854 also
1041 4805 1123 4869 Topic
1136 4818 1174 4868 13.
1206 4805 1248 4856 On
1258 4805 1301 4855 the
1313 4814 1417 4871 pnrport

212 4871 238 4918 in
251 4871 397 4935 Campania.
423 4871 593 4935 CpPhilipp.
607 4885 628 4919 a.
642 4870 787 4933 39and4o.
838 4871 916 4920 nithe
929 4885 1039 4935 passage,
1084 4871 1255 4935 .Ep.115,1.

214 4935 540 4993 ‘circumire-‘ambire’
556 4942 599 4986 ‘to
615 4934 788 4997 conrt,’‘can-
874 4937 911 4986 18.
933 4939 1027 4986 Multa
1051 4887 1231 5000 Ἑοσόλω,
1260 4936 1347 4987 ‘there
1374 4952 1417 4987 are
