3030 5542
144 377 192 424 n».
210 357 277 448 71·]
547 362 913 425 narraremus.
938 360 966 424 8.
1282 359 1342 446 381

147 543 252 600 tatem
269 535 379 599 incidi.
413 533 480 600 Sed
492 555 651 618 assequor
659 536 780 612 omnia,
791 534 818 599 si
833 555 975 619 propero
989 557 996 613 ;
1019 535 1045 598 si
1061 546 1205 612 cunctor,
1217 536 1345 600 amitto.

116 639 195 705 aEt
216 650 340 717 tamen,
356 639 401 702 mi
425 639 549 715 Attice,
571 639 707 721 auguria
729 660 861 722 quoque
884 659 937 704 me
958 640 1096 704 incitant
1120 642 1264 723 quadam
1287 661 1347 724 spe

148 765 215 809 non
244 744 355 822 dubia,
379 765 445 808 non
468 743 549 807 haec
571 744 700 825 collegii
723 744 826 807 nostri
850 744 893 807 ab
915 743 1012 819 Atto,
1038 745 1095 808 sed
1121 744 1177 808 illa
1202 744 1347 807 Platonis

147 850 190 914 de
204 850 376 932 tyrannis:
400 847 490 912 nullo
507 848 595 912 enim
617 849 718 911 modo
741 868 838 930 posse
860 846 958 910 video
981 857 1069 911 stare
1092 848 1192 912 istum
1215 849 1346 926 diutine,

147 954 227 1035 quin
243 954 313 1036 ipse
336 973 394 1036 per
416 974 451 1016 se
469 953 570 1016 etiam
594 952 825 1036 languentibus
849 952 944 1015 nobis
967 952 1126 1027 concidat,
1143 953 1267 1035 quippe
1289 953 1376 1035 quis

146 1057 399 1121 florentissimus
414 1077 452 1122 ac
468 1077 572 1121 novus
588 1070 636 1118 VI.
655 1070 717 1119 vn.
734 1057 852 1120 diebus
867 1056 928 1137 ipsi
943 1055 988 1118 illi
1005 1056 1113 1139 egenti
1137 1077 1174 1120 ac
1197 1057 1348 1138 perditae

148 1161 350 1226 multitudini
375 1163 408 1225 in
432 1162 545 1225 odium
569 1161 815 1225 acerbissimum
844 1161 979 1235 venerit,
999 1161 1055 1242 qui
1079 1161 1215 1224 duarum
1239 1181 1347 1224 rerum

148 1265 392 1330 simulationem
412 1273 482 1329 tam
504 1265 572 1329 cito
594 1264 749 1341 amiserit,
765 1264 1026 1328 mansuetudinis
1049 1265 1082 1328 in
1106 1263 1252 1341 Metello
1268 1264 1349 1328 divi-

149 1370 269 1434 tiarum
292 1369 325 1432 in
348 1369 482 1433 aerario.
529 1369 611 1443 lam,
633 1369 754 1451 quibus
780 1377 893 1432 utatur
914 1367 968 1431 vel
994 1369 1090 1432 sociis
1112 1367 1163 1432 vel
1185 1369 1349 1445 ministris,

150 1475 178 1540 si
202 1475 224 1537 ii
247 1474 440 1556 provincias,
461 1473 488 1536 si
513 1472 534 1535 ii
558 1494 627 1537 rem
651 1472 817 1556 publicam
842 1482 964 1555 regent,
983 1492 1123 1554 quorum
1154 1494 1253 1538 nemo
1282 1475 1350 1537 duo
1366 1502 1396 1538 ιο

121 1599 280 1648 rmenses
296 1578 405 1661 potuit
420 1577 656 1660 patrimonium
679 1597 775 1640 suum
798 1577 1007 1659 gubernare?
1051 1576 1130 1640 Non
1146 1587 1222 1641 sunt
1238 1578 1350 1641 omnia

150 1682 347 1765 colligenda,
359 1702 444 1764 quae
464 1691 500 1745 tu
522 1682 710 1745 acutissime
732 1682 897 1764 perspicis,
913 1682 972 1744 sed
988 1691 1101 1746 tamen
1118 1703 1156 1745 ea
1172 1702 1259 1765 pone
1274 1692 1350 1745 ante

150 1785 280 1851 oculos:
304 1785 370 1847 iam
386 1784 556 1869 intelleges
568 1786 601 1848 id
615 1806 751 1868 regnum
767 1785 824 1848 vix
840 1795 997 1849 semestre
1012 1806 1083 1849 esse
1099 1807 1204 1867 posse.
1250 1784 1351 1867 Quod

152 1891 179 1954 si
196 1911 249 1953 me
264 1889 422 1964 fefellerit,
432 1890 544 1966 feram,
555 1890 640 1955 sicut
656 1889 750 1953 multi
766 1887 938 1953 clarissimi
951 1889 1101 1954 homines
1118 1890 1151 1952 in
1168 1890 1350 1973 republica

153 1993 356 2057 excellentes
381 1993 534 2071 tulerunt,
561 1994 622 2058 nisi
649 1993 734 2058 forte
765 2014 819 2056 me
843 1991 1062 2075 Sardanapali
1089 1994 1194 2058 vicem
1219 1990 1265 2082 [in
1289 2015 1398 2071 su015

151 2163 260 2212 fnerant'
277 2162 364 2211 follow
381 2162 405 2211 in
422 2162 477 2212 that
494 2178 606 2227 passage.
640 2163 730 2213 Cicero
778 2163 908 2276 departure
925 2161 964 2211 for
980 2161 1065 2227 Spain.
1109 2162 1156 2228 Cp.
1174 2163 1233 2212 lntr.
1251 2169 1279 2212 to
1295 2163 1354 2212 Part

152 2229 235 2278 feared
257 2228 311 2277 that
334 2229 365 2276 he
389 2229 469 2293 might
495 2230 525 2278 be
547 2228 674 2279 sacriticed
697 2229 729 2292 by
779 2229 806 2278 11
822 2266 828 2290 ,
844 2233 856 2287 5
870 2230 893 2277 8.
929 2228 970 2278 He
985 2245 1049 2292 gave
1065 2228 1159 2278 offenee
1175 2236 1202 2278 to
1219 2229 1261 2278 the
1276 2228 1355 2292 needy

153 2294 244 2345 Caesar
263 2295 312 2342 and
336 2294 458 2358 Pompey,
479 2310 506 2344 aa
527 2294 552 2342 in
576 2296 656 2358 59-58
680 2305 728 2344 ae.

779 2296 812 2358 by
820 2293 862 2343 the
872 2294 1026 2343 moderatiora
1035 2294 1064 2342 of
1072 2295 1113 2343 the
1122 2293 1182 2358 plan
1190 2294 1221 2344 he
1230 2294 1355 2359 proposed

155 2361 203 2424 Cp.
215 2360 257 2407 Ad
269 2362 322 2409 att.
335 2361 358 2409 8.
373 2373 399 2407 11
414 2361 437 2417 d,
455 2374 475 2419 7.

779 2360 818 2408 for
828 2360 901 2408 relief
910 2360 938 2409 of
946 2360 1055 2416 debtors,
1067 2359 1115 2408 and
1127 2367 1154 2408 to
1165 2360 1206 2408 the
1218 2361 1317 2409 citizens
1329 2360 1354 2408 in

186 2429 223 2474 In
238 2429 310 2475 hano
328 2461 334 2472 .
353 2462 358 2474 .
376 2428 474 2476 inaldi.
508 2427 636 2476 ‘Incidere
654 2422 724 2474 in'=

153 2498 197 2540 'to
211 2491 285 2540 make
302 2507 317 2539 a
333 2490 448 2550 mistake,
464 2507 492 2539 or
506 2500 549 2556 get
566 2494 618 2541 into
635 2509 650 2540 a
666 2492 729 2541 diffi-

153 2557 228 2620 culty,
246 2556 354 2620 through
373 2557 517 2620 negligence
529 2573 557 2606 or
572 2556 729 2607 mischance.’

155 2623 202 2686 Cp.
212 2623 241 2670 In
250 2623 319 2672 Verr.
331 2637 343 2671 a
355 2623 412 2671 Act.
427 2635 447 2670 1.
459 2636 497 2682 11,
508 2637 536 2685 31
551 2626 613 2688 ‘qna
625 2623 731 2673 stultitia

155 2688 253 2736 fuissem
261 2689 281 2736 si
294 2725 300 2736 .
314 2724 319 2736 .
331 2688 355 2736 in
368 2703 422 2736 eam
434 2688 501 2737 diem
512 2705 560 2752 ego
569 2705 624 2739 cum
636 2690 731 2752 potuis·

154 2768 206 2803 aem
218 2754 295 2802 vitare
306 2751 463 2803 incidissem.¹
498 2755 544 2818 Cp.
557 2755 646 2809 below,
660 2758 672 2812 5
687 2765 710 2816 7.

190 2832 211 2868 1.
229 2823 374 2876 Aeaeam·
393 2823 497 2879 omnia,
517 2821 548 2868 ‘I
572 2821 645 2869 make
663 2819 730 2884 good

154 2883 339 2948 everything'=
347 2884 456 2933 ‘abunde
468 2886 597 2935 resarciam
611 2885 730 2950 quidquid

156 2951 275 2998 omissum
286 2948 338 2999 est.'
365 2951 474 3000 Gronov.
486 2967 527 3015 ap.
541 2952 612 3000 Boot.
637 2952 677 3001 On
689 2952 731 3000 the

156 3022 233 3076 tense,
246 3031 285 3079 cp.
298 3015 382 3064 Madv.
396 3029 451 3080 339,
465 3016 524 3066 Oba.
539 3031 551 3064 2
565 3034 587 3068 a.

191 3095 212 3129 2.
230 3084 269 3129 nt
279 3088 382 3142 tamen,
395 3080 556 3132 ‘moreoven’
590 3082 692 3133 Billerb.

190 3161 214 3208 3,
232 3150 298 3195 Non
318 3150 435 3197 haee..
455 3151 491 3196 ab
511 3152 590 3209 Atto,
610 3153 670 3198 ‘not
689 3149 732 3198 the

156 3211 265 3261 familiar
281 3213 396 3296 angurias
413 3213 442 3261 of
456 3229 501 3262 our
517 3214 615 3278 college
632 3214 732 3264 derived

157 3277 220 3327 from
238 3280 313 3328 Attus
332 3276 441 3327 Navius?
475 3279 550 3328 ‘Ab‘
566 3281 658 3329 isused
675 3280 732 3329 here

156 3343 241 3407 nearly
253 3345 278 3391 in
290 3344 332 3392 the
346 3359 413 3392 same
429 3360 496 3393 sense
508 3361 536 3393 as
547 3344 571 3393 in
583 3348 732 3409 quotations.

158 3409 205 3473 Cp.
219 3409 259 3456 Ad
274 3409 295 3457 F
297 3425 344 3457 am.
357 3425 380 3473 9.
395 3424 434 3469 21,
449 3423 458 3457 1
475 3410 552 3458 ‘nihil
565 3411 610 3459 tibi
622 3426 685 3476 opus
696 3419 733 3460 est

157 3474 220 3523 illud
238 3491 254 3523 a
273 3473 386 3523 Trabea)
420 3475 460 3525 On
482 3475 525 3525 the
547 3476 673 3527 historical
696 3475 732 3525 al·

158 3540 247 3594 lusion‚
260 3556 299 3605 ep.
312 3540 375 3604 Livy
388 3554 408 3589 1.
423 3541 460 3602 36.

191 3609 335 3655 Platonis:
353 3623 392 3671 cp.
408 3606 471 3670 Rep.
486 3607 509 3656 8.
522 3607 579 3671 562,
591 3606 662 3666 foll.;
680 3606 732 3657 Cic.

158 3672 198 3720 De
209 3671 272 3736 Rep.
288 3686 308 3719 1.
321 3685 361 3735 43.

157 3802 179 3853 C
192 3751 214 3799 5.
218 3740 325 3851 ἓωόιὲ
335 3773 341 3785 .
351 3740 488 3796 oonoidat,
499 3735 617 3788 ‘without
630 3735 733 3802 falling!

181 3819 406 3925 pnaxiguenubue
423 3872 513 3922 nobie.
525 3869 564 3917 ‘if
573 3884 610 3918 we
621 3869 653 3918 sit
665 3866 733 3919 still!

158 3933 206 3997 Cp.
224 3933 253 3982 In
271 3934 353 3983 Pison.
373 3947 413 3994 33,
432 3935 462 3982 82
488 3933 606 3999 ‘languet
622 3936 735 3983 inventus

158 4015 204 4049 nec
226 4036 232 4049 .
251 4035 258 4048 .
276 4000 302 4047 in
326 3999 408 4048 laudis
432 4007 456 4048 et
481 3999 576 4063 gloriae
597 4000 735 4066 cupiditate

158 4063 282 4114 versatur?

192 4129 215 4179 6.
233 4133 341 4190 Novus,
362 4132 393 4178 ‘a
409 4146 465 4179 new
488 4128 588 4191 comer‚’
611 4131 674 4182 after
695 4130 735 4180 his

159 4196 219 4260 long
234 4196 338 4245 absence
356 4195 381 4244 in
399 4195 473 4246 Gaul.

193 4265 250 4310 Sex
266 4268 410 4321 septema
427 4261 567 4327 proverbial
584 4261 733 4328 expression.

158 4326 206 4392 Cp.
216 4327 280 4376 Hor.
293 4328 357 4393 Epp.
369 4342 390 4376 1.
402 4342 424 4387 1,
437 4330 468 4389 58
480 4336 486 4355 ⁴
496 4329 541 4378 sed
548 4329 736 4443 puadringentis

158 4408 201 4443 aex
212 4402 307 4458 septem
318 4394 400 4442 millia
413 4393 514 4443 desuna’
572 4395 603 4444 he
614 4394 736 4444 reference

159 4459 181 4508 is
195 4466 222 4508 to
237 4462 280 4508 the
294 4458 364 4509 short
381 4459 486 4509 interval
503 4460 612 4509 between
624 4457 735 4509 Caesar'a

159 4531 242 4575 return
253 4532 280 4575 to
291 4526 372 4576 Rome
387 4526 452 4575 from
467 4525 623 4575 Brundisium
636 4525 684 4575 and
697 4524 736 4574 his

779 2424 877 2540 gepiepal
885 2426 920 2539 llpy
928 2424 1047 2501 hisharsh
1061 2425 1229 2539 pretpltmenttpf
1235 2424 1356 2539 &tiliis

779 2508 810 2540 an
903 2504 1060 2540 isserznreo
1114 2506 1191 2540 econ
1217 2506 1233 2538 n
1272 2506 1288 2538 ο
1341 2506 1355 2539 e

779 2508 897 2620 treasuiy.
932 2558 978 2621 Cp.
997 2556 1138 2605 Mommsen
1151 2572 1174 2618 4
1188 2569 1209 2615 2,
1224 2557 1337 2620 378-381
1349 2572 1355 2615 ;

780 2623 842 2802 :tid
855 2623 1044 2803 munii?
1089 2685 1129 2735 On
1158 2687 1200 2737 the
1227 2687 1287 2747 dat,
1316 2703 1354 2751 cp.

811 2771 826 2802 a
843 2770 866 2802 v.
886 2767 941 2816 241,
1013 2767 1057 2815 .3.

814 2835 837 2883 9.
856 2823 918 2868 Iam
932 2842 954 2861 ει
969 2817 1124 2883 ‘praeterea’
1169 2817 1285 2879 rorent,
1307 2818 1357 2866 and

783 2887 870 2947 Μ,
889 2901 912 2947 4

804 2902 925 3007 pQuibus
942 2955 1047 3010 utatur,
1066 2950 1119 2998 sub.
1134 2947 1249 3013 ‘cogita’
1263 2965 1292 2998 or
1303 2965 1356 3014 per-

782 3015 845 3080 haps
857 3021 863 3043 ⁴
874 3032 971 3066 necesse
980 3015 1033 3076 est,’
1046 3015 1125 3063 ‘what
1137 3015 1208 3064 allies
1216 3015 1247 3064 he
1256 3015 1317 3075 bas‚'
1330 3030 1358 3063 or

783 3086 860 3131 ‘must
868 3081 926 3132 nse'
950 3081 1040 3144 Metzg.
1052 3081 1135 3129 would
1148 3081 1239 3145 supply
1248 3082 1289 3131 the
1298 3080 1358 3131 first.

782 3147 897 3197 Wesenb.
909 3155 1021 3211 suggests
1034 3145 1145 3196 ‘utetur'

817 3228 855 3261 11.
874 3216 1047 3273 Gabai-nare,
1070 3212 1150 3277 ‘keep
1177 3211 1220 3261 the
1242 3228 1299 3262 man
1349 3237 1359 3248 ·

782 3287 850 3329 ment
874 3278 917 3339 of,’
939 3279 982 3328 ie.
1005 3279 1078 3327 avoid
1103 3278 1262 3343 bankrnptcy.
1297 3279 1320 3326 Τ
1338 3279 1360 3326 is

783 3348 804 3395 is
816 3362 831 3394 a
843 3360 912 3395 sneer
928 3352 954 3393 at
971 3359 1028 3392 men
1045 3344 1095 3393 like
1112 3344 1198 3405 Curio,
1216 3344 1360 3403 Dolabella,

783 3411 954 3471 andAntony.

819 3491 856 3524 12.
870 3479 1043 3535 colligenda,
1053 3478 1094 3525 ‘to
1103 3475 1133 3524 be
1141 3480 1227 3540 strong
1234 3473 1359 3540 together'

784 3543 809 3592 in
821 3542 871 3591 this
883 3542 960 3591 letter.
995 3541 1096 3604 Metzg,
1108 3540 1208 3590 Billerb.

817 3611 867 3656 Ea.
901 3608 955 3657 The
972 3608 1056 3671 things
1073 3607 1153 3656 which
1172 3607 1261 3657 Cicero
1275 3605 1360 3655 thinks

784 3674 804 3722 it
816 3673 927 3723 needless
939 3689 967 3722 or
978 3672 1062 3721 unsale
1073 3683 1100 3721 to
1112 3673 1229 3722 mention.

821 3752 858 3800 13.
877 3742 961 3795 Quod
978 3741 1003 3786 al
1020 3753 1065 3788 me
1077 3741 1219 3797 fefellerit,
1238 3737 1275 3786 ‘if
1289 3737 1303 3786 Ι
1319 3753 1360 3786 am

786 3804 907 3854 mistaken
925 3805 950 3853 in
967 3802 1031 3853 this.'
1067 3804 1114 3867 Cp.
1132 3805 1179 3869 Ep.
1197 3805 1239 3868 67,
1259 3817 1281 3864 1,
1294 3811 1361 3853 note.

785 3870 862 3935 Supp.
878 3870 955 3919 ‘haee
965 3868 1070 3933 opinio,'
1082 3870 1177 3919 Manat.

821 3949 858 3998 15.
877 3938 944 3984 Nisi
966 3938 1040 3985 forte
1073 3971 1079 3984 .
1109 3972 1115 3985 .
1144 3937 1360 3994 Themistocleo,

787 4001 886 4050 ‘unless
897 4017 946 4065 you
957 4016 1064 4066 suppose
1076 4001 1089 4049 1
1105 4001 1155 4051 had
1167 4001 1247 4049 rather
1258 4001 1299 4048 die
1312 3999 1361 4048 like

786 4066 969 4132 sardanapalus
990 4067 1051 4116 than
1081 4067 1132 4115 like
1160 4062 1360 4115 Themistocles?

786 4134 824 4181 As
835 4133 876 4182 the
886 4134 969 4182 words
981 4133 1039 4181 ‘nisi
1051 4130 1126 4181 forte’
1142 4131 1270 4181 introduce
1281 4146 1362 4179 some-

786 4198 858 4263 thing
868 4199 893 4247 in
906 4198 1048 4263 opposition
1059 4207 1086 4247 to
1097 4199 1193 4256 feram,
1207 4197 1265 4260 they
1276 4195 1361 4245 would

786 4263 910 4327 naturally
928 4267 958 4314 be
975 4263 1092 4312 followed
1109 4262 1143 4326 by
1161 4260 1307 4323 ‘maluero,'
1323 4260 1362 4309 for

786 4328 895 4379 Cicero’s
917 4331 1031 4393 patienoe
1056 4328 1141 4377 would
1168 4328 1227 4391 only
1256 4328 1287 4376 be
1314 4327 1363 4376 dis·

786 4395 894 4444 credited
911 4396 943 4459 by
960 4395 999 4443 his
1014 4394 1092 4457 really
1108 4393 1258 4459 despairing,
1270 4399 1314 4441 not
1330 4392 1364 4456 by

786 4458 892 4510 Atticus‘
910 4460 1066 4525 expectation
1083 4458 1137 4508 that
1159 4461 1190 4508 he
1209 4458 1293 4508 would
1309 4459 1362 4507 dea-

786 4527 849 4591 pair.
877 4526 1008 4575 Asimilar
1018 4541 1125 4591 passage
1135 4540 1229 4589 occurs,
1240 4525 1361 4586 however,
