<?xml version="1.0" encoding="UTF-8"?>
<!DOCTYPE html PUBLIC "-//W3C//DTD XHTML 1.0 Transitional//EN"
    "http://www.w3.org/TR/xhtml1/DTD/xhtml1-transitional.dtd">
<html xmlns="http://www.w3.org/1999/xhtml" xml:lang="en" lang="en">
 <head>
  <title>
</title>
<meta http-equiv="Content-Type" content="text/html;charset=utf-8" />
  <meta name='ocr-system' content='tesseract 3.04.00' />
  <meta name='ocr-capabilities' content='ocr_page ocr_carea ocr_par ocr_line ocrx_word'/>
</head>
<body>
  <div class='ocr_page' id='page_1' title='image "./cicero00cicegoog_0442.png"; bbox 0 0 3030 5542; ppageno 0'>
   <div class='ocr_carea' id='block_1_1' title="bbox 150 360 1355 455">
    <p class='ocr_par' dir='ltr' id='par_1_1' title="bbox 150 360 1355 455">
     <span class='ocr_line' id='line_1_1' title="bbox 150 360 1355 455; baseline 0.013 -34"><span class='ocrx_word' id='word_1_1' title='bbox 150 360 283 455; x_wconf 59' lang='lat'>1277]</span> <span class='ocrx_word' id='word_1_2' title='bbox 493 366 560 428; x_wconf 87' lang='lat' dir='ltr'>AD</span> <span class='ocrx_word' id='word_1_3' title='bbox 581 366 880 430; x_wconf 80' lang='lat' dir='ltr'><em>FAMILIARES</em></span> <span class='ocrx_word' id='word_1_4' title='bbox 901 367 964 431; x_wconf 87' lang='lat' dir='ltr'>IX.</span> <span class='ocrx_word' id='word_1_5' title='bbox 988 386 1018 451; x_wconf 89' lang='lat'>9.</span> <span class='ocrx_word' id='word_1_6' title='bbox 1292 386 1355 453; x_wconf 84' lang='lat'>393</span> 
     </span>
    </p>
   </div>
   <div class='ocr_carea' id='block_1_2' title="bbox 151 535 1356 681">
    <p class='ocr_par' dir='ltr' id='par_1_2' title="bbox 151 535 1356 681">
     <span class='ocr_line' id='line_1_2' title="bbox 151 535 1355 602; baseline 0.002 -16"><span class='ocrx_word' id='word_1_7' title='bbox 151 535 242 602; x_wconf 93' lang='lat' dir='ltr'>Ihope</span> <span class='ocrx_word' id='word_1_8' title='bbox 252 553 302 602; x_wconf 82' lang='lat' dir='ltr'>you</span> <span class='ocrx_word' id='word_1_9' title='bbox 318 536 371 586; x_wconf 93' lang='lat' dir='ltr'>will</span> <span class='ocrx_word' id='word_1_10' title='bbox 387 543 425 588; x_wconf 88' lang='lat' dir='ltr'>set</span> <span class='ocrx_word' id='word_1_11' title='bbox 441 552 512 587; x_wconf 88' lang='lat' dir='ltr'>some</span> <span class='ocrx_word' id='word_1_12' title='bbox 528 537 594 587; x_wconf 90' lang='lat' dir='ltr'>limit</span> <span class='ocrx_word' id='word_1_13' title='bbox 611 544 638 586; x_wconf 93' lang='lat' dir='ltr'>to</span> <span class='ocrx_word' id='word_1_14' title='bbox 655 553 717 601; x_wconf 84' lang='lat' dir='ltr'>your</span> <span class='ocrx_word' id='word_1_15' title='bbox 729 537 847 587; x_wconf 82' lang='lat' dir='ltr'>devotion</span> <span class='ocrx_word' id='word_1_16' title='bbox 864 545 892 587; x_wconf 91' lang='lat' dir='ltr'>to</span> <span class='ocrx_word' id='word_1_17' title='bbox 907 537 969 587; x_wconf 88' lang='lat' dir='ltr'><strong>him.</strong></span> <span class='ocrx_word' id='word_1_18' title='bbox 1004 549 1027 597; x_wconf 81' lang='lat'>3.</span> <span class='ocrx_word' id='word_1_19' title='bbox 1045 536 1104 586; x_wconf 81' lang='lat' dir='ltr'>You</span> <span class='ocrx_word' id='word_1_20' title='bbox 1120 536 1171 588; x_wconf 83' lang='lat' dir='ltr'>had</span> <span class='ocrx_word' id='word_1_21' title='bbox 1188 538 1267 588; x_wconf 89' lang='lat' dir='ltr'>better</span> <span class='ocrx_word' id='word_1_22' title='bbox 1283 537 1355 589; x_wconf 88' lang='lat' dir='ltr'>retire</span> 
     </span>
     <span class='ocr_line' id='line_1_3' title="bbox 151 614 1356 681; baseline 0 -16"><span class='ocrx_word' id='word_1_23' title='bbox 151 622 179 665; x_wconf 89' lang='lat' dir='ltr'>to</span> <span class='ocrx_word' id='word_1_24' title='bbox 196 630 265 665; x_wconf 88' lang='lat' dir='ltr'>some</span> <span class='ocrx_word' id='word_1_25' title='bbox 280 616 376 665; x_wconf 71' lang='lat' dir='ltr'>neuual</span> <span class='ocrx_word' id='word_1_26' title='bbox 393 616 453 680; x_wconf 83' lang='lat' dir='ltr'><strong>city,</strong></span> <span class='ocrx_word' id='word_1_27' title='bbox 472 617 555 667; x_wconf 84' lang='lat' dir='ltr'>where</span> <span class='ocrx_word' id='word_1_28' title='bbox 571 616 584 665; x_wconf 94' lang='lat'>1</span> <span class='ocrx_word' id='word_1_29' title='bbox 601 615 682 680; x_wconf 79' lang='lat' dir='ltr'>might</span> <span class='ocrx_word' id='word_1_30' title='bbox 696 614 749 678; x_wconf 87' lang='lat' dir='ltr'>join</span> <span class='ocrx_word' id='word_1_31' title='bbox 764 631 820 679; x_wconf 87' lang='lat' dir='ltr'>you.</span> <span class='ocrx_word' id='word_1_32' title='bbox 854 615 947 665; x_wconf 80' lang='lat' dir='ltr'>Caesar</span> <span class='ocrx_word' id='word_1_33' title='bbox 958 615 1045 675; x_wconf 90' lang='lat' dir='ltr'>will,I</span> <span class='ocrx_word' id='word_1_34' title='bbox 1062 631 1104 664; x_wconf 86' lang='lat' dir='ltr'>am</span> <span class='ocrx_word' id='word_1_35' title='bbox 1121 631 1183 677; x_wconf 89' lang='lat' dir='ltr'>sure,</span> <span class='ocrx_word' id='word_1_36' title='bbox 1196 616 1290 666; x_wconf 82' lang='lat' dir='ltr'>receive</span> <span class='ocrx_word' id='word_1_37' title='bbox 1306 631 1356 681; x_wconf 83' lang='lat' dir='ltr'>any</span> 
     </span>
    </p>
   </div>
   <div class='ocr_carea' id='block_1_3' title="bbox 150 693 1355 834">
    <p class='ocr_par' dir='ltr' id='par_1_3' title="bbox 150 693 1355 834">
     <span class='ocr_line' id='line_1_4' title="bbox 150 693 1355 760; baseline 0 -16"><span class='ocrx_word' id='word_1_38' title='bbox 150 701 261 759; x_wconf 82' lang='lat' dir='ltr'>requests</span> <span class='ocrx_word' id='word_1_39' title='bbox 276 695 340 744; x_wconf 91' lang='lat' dir='ltr'>from</span> <span class='ocrx_word' id='word_1_40' title='bbox 357 710 407 759; x_wconf 85' lang='lat' dir='ltr'>you</span> <span class='ocrx_word' id='word_1_41' title='bbox 423 695 484 744; x_wconf 90' lang='lat' dir='ltr'>with</span> <span class='ocrx_word' id='word_1_42' title='bbox 496 695 590 756; x_wconf 83' lang='lat' dir='ltr'>favour,</span> <span class='ocrx_word' id='word_1_43' title='bbox 603 696 653 744; x_wconf 85' lang='lat' dir='ltr'>and</span> <span class='ocrx_word' id='word_1_44' title='bbox 666 695 678 743; x_wconf 95' lang='lat'>1</span> <span class='ocrx_word' id='word_1_45' title='bbox 690 695 743 743; x_wconf 89' lang='lat' dir='ltr'>will</span> <span class='ocrx_word' id='word_1_46' title='bbox 760 694 836 759; x_wconf 91' lang='lat' dir='ltr'>plead</span> <span class='ocrx_word' id='word_1_47' title='bbox 852 709 915 758; x_wconf 85' lang='lat' dir='ltr'>your</span> <span class='ocrx_word' id='word_1_48' title='bbox 931 709 1003 744; x_wconf 79' lang='lat' dir='ltr'>cause</span> <span class='ocrx_word' id='word_1_49' title='bbox 1019 693 1082 743; x_wconf 89' lang='lat' dir='ltr'>with</span> <span class='ocrx_word' id='word_1_50' title='bbox 1099 694 1161 745; x_wconf 90' lang='lat' dir='ltr'><strong>him.</strong></span> <span class='ocrx_word' id='word_1_51' title='bbox 1197 695 1210 745; x_wconf 94' lang='lat'>1</span> <span class='ocrx_word' id='word_1_52' title='bbox 1226 695 1293 760; x_wconf 85' lang='lat' dir='ltr'>hope</span> <span class='ocrx_word' id='word_1_53' title='bbox 1305 711 1355 759; x_wconf 84' lang='lat' dir='ltr'>you</span> 
     </span>
     <span class='ocr_line' id='line_1_5' title="bbox 151 768 757 834; baseline 0.005 -17"><span class='ocrx_word' id='word_1_54' title='bbox 151 768 204 818; x_wconf 85' lang='lat' dir='ltr'>will</span> <span class='ocrx_word' id='word_1_55' title='bbox 215 784 299 820; x_wconf 84' lang='lat' dir='ltr'>secure</span> <span class='ocrx_word' id='word_1_56' title='bbox 309 769 353 821; x_wconf 85' lang='lat' dir='ltr'>the</span> <span class='ocrx_word' id='word_1_57' title='bbox 363 770 414 820; x_wconf 80' lang='lat' dir='ltr'>safe</span> <span class='ocrx_word' id='word_1_58' title='bbox 426 778 508 821; x_wconf 87' lang='lat' dir='ltr'>return</span> <span class='ocrx_word' id='word_1_59' title='bbox 520 769 549 819; x_wconf 91' lang='lat' dir='ltr'>of</span> <span class='ocrx_word' id='word_1_60' title='bbox 557 785 600 834; x_wconf 85' lang='lat' dir='ltr'>my</span> <span class='ocrx_word' id='word_1_61' title='bbox 611 785 757 834; x_wconf 86' lang='lat' dir='ltr'>messenger.</span> 
     </span>
    </p>
   </div>
   <div class='ocr_carea' id='block_1_4' title="bbox 499 937 1011 988">
    <p class='ocr_par' dir='ltr' id='par_1_4' title="bbox 499 937 1011 988">
     <span class='ocr_line' id='line_1_6' title="bbox 499 937 1011 988; baseline -0.002 -1"><span class='ocrx_word' id='word_1_62' title='bbox 499 938 713 988; x_wconf 79' lang='lat' dir='ltr'>DOLABELLA</span> <span class='ocrx_word' id='word_1_63' title='bbox 736 937 762 988; x_wconf 91' lang='lat' dir='ltr'>S.</span> <span class='ocrx_word' id='word_1_64' title='bbox 779 937 813 988; x_wconf 88' lang='lat' dir='ltr'>D.</span> <span class='ocrx_word' id='word_1_65' title='bbox 830 937 1011 988; x_wconf 88' lang='lat' dir='ltr'>CICERONI.</span> 
     </span>
    </p>
   </div>
   <div class='ocr_carea' id='block_1_5' title="bbox 79 1065 1400 2607">
    <p class='ocr_par' dir='ltr' id='par_1_5' title="bbox 122 1065 1354 1464">
     <span class='ocr_line' id='line_1_7' title="bbox 122 1065 1354 1151; baseline 0 -20"><span class='ocrx_word' id='word_1_66' title='bbox 122 1081 138 1124; x_wconf 94' lang='lat'>1</span> <span class='ocrx_word' id='word_1_67' title='bbox 196 1065 231 1132; x_wconf 89' lang='lat' dir='ltr'>S.</span> <span class='ocrx_word' id='word_1_68' title='bbox 250 1088 281 1132; x_wconf 89' lang='lat' dir='ltr'>v.</span> <span class='ocrx_word' id='word_1_69' title='bbox 300 1089 329 1151; x_wconf 86' lang='lat' dir='ltr'>g.</span> <span class='ocrx_word' id='word_1_70' title='bbox 345 1090 376 1132; x_wconf 95' lang='lat' dir='ltr'>v.</span> <span class='ocrx_word' id='word_1_71' title='bbox 393 1077 427 1133; x_wconf 89' lang='lat' dir='ltr'>et</span> <span class='ocrx_word' id='word_1_72' title='bbox 441 1066 553 1133; x_wconf 91' lang='lat' dir='ltr'>Tullia</span> <span class='ocrx_word' id='word_1_73' title='bbox 568 1078 681 1133; x_wconf 88' lang='lat' dir='ltr'>nostra</span> <span class='ocrx_word' id='word_1_74' title='bbox 697 1078 785 1133; x_wconf 87' lang='lat' dir='ltr'>recte</span> <span class='ocrx_word' id='word_1_75' title='bbox 800 1089 830 1134; x_wconf 92' lang='lat' dir='ltr'>v.</span> <span class='ocrx_word' id='word_1_76' title='bbox 841 1068 998 1133; x_wconf 91' lang='lat' dir='ltr'>Terentia</span> <span class='ocrx_word' id='word_1_77' title='bbox 1010 1068 1118 1131; x_wconf 90' lang='lat' dir='ltr'>minus</span> <span class='ocrx_word' id='word_1_78' title='bbox 1129 1067 1216 1133; x_wconf 89' lang='lat' dir='ltr'>belle</span> <span class='ocrx_word' id='word_1_79' title='bbox 1228 1067 1354 1146; x_wconf 88' lang='lat' dir='ltr'>habuit,</span> 
     </span>
     <span class='ocr_line' id='line_1_8' title="bbox 151 1172 1354 1238; baseline 0.002 -3"><span class='ocrx_word' id='word_1_80' title='bbox 151 1172 210 1235; x_wconf 89' lang='lat' dir='ltr'>sed</span> <span class='ocrx_word' id='word_1_81' title='bbox 229 1182 355 1235; x_wconf 91' lang='lat' dir='ltr'>certum</span> <span class='ocrx_word' id='word_1_82' title='bbox 371 1175 439 1238; x_wconf 92' lang='lat' dir='ltr'>scio</span> <span class='ocrx_word' id='word_1_83' title='bbox 455 1174 520 1236; x_wconf 88' lang='lat' dir='ltr'>iam</span> <span class='ocrx_word' id='word_1_84' title='bbox 536 1172 742 1236; x_wconf 88' lang='lat' dir='ltr'>convaluisse</span> <span class='ocrx_word' id='word_1_85' title='bbox 757 1193 839 1236; x_wconf 89' lang='lat' dir='ltr'>eam.</span> <span class='ocrx_word' id='word_1_86' title='bbox 885 1172 1059 1236; x_wconf 90' lang='lat' dir='ltr'>Praeterea</span> <span class='ocrx_word' id='word_1_87' title='bbox 1082 1173 1261 1237; x_wconf 87' lang='lat' dir='ltr'>rectissime</span> <span class='ocrx_word' id='word_1_88' title='bbox 1277 1181 1354 1237; x_wconf 90' lang='lat' dir='ltr'>sunt</span> 
     </span>
     <span class='ocr_line' id='line_1_9' title="bbox 151 1275 1353 1360; baseline 0.001 -22"><span class='ocrx_word' id='word_1_89' title='bbox 151 1275 241 1358; x_wconf 91' lang='lat' dir='ltr'>apud</span> <span class='ocrx_word' id='word_1_90' title='bbox 264 1285 299 1339; x_wconf 88' lang='lat' dir='ltr'>te</span> <span class='ocrx_word' id='word_1_91' title='bbox 323 1278 442 1341; x_wconf 88' lang='lat' dir='ltr'>omnia.</span> <span class='ocrx_word' id='word_1_92' title='bbox 488 1276 562 1340; x_wconf 90' lang='lat' dir='ltr'>Etsi</span> <span class='ocrx_word' id='word_1_93' title='bbox 585 1275 676 1339; x_wconf 93' lang='lat' dir='ltr'>nullo</span> <span class='ocrx_word' id='word_1_94' title='bbox 698 1285 849 1360; x_wconf 90' lang='lat' dir='ltr'>tempore</span> <span class='ocrx_word' id='word_1_95' title='bbox 873 1277 906 1339; x_wconf 91' lang='lat' dir='ltr'>in</span> <span class='ocrx_word' id='word_1_96' title='bbox 931 1278 1146 1360; x_wconf 87' lang='lat' dir='ltr'>suspitionem</span> <span class='ocrx_word' id='word_1_97' title='bbox 1169 1275 1231 1341; x_wconf 90' lang='lat' dir='ltr'>tibi</span> <span class='ocrx_word' id='word_1_98' title='bbox 1254 1276 1353 1340; x_wconf 91' lang='lat' dir='ltr'>debui</span> 
     </span>
     <span class='ocr_line' id='line_1_10' title="bbox 151 1378 1353 1464; baseline 0 -22"><span class='ocrx_word' id='word_1_99' title='bbox 151 1378 261 1443; x_wconf 88' lang='lat' dir='ltr'>venire</span> <span class='ocrx_word' id='word_1_100' title='bbox 276 1383 420 1462; x_wconf 85' lang='lat' dir='ltr'>partium</span> <span class='ocrx_word' id='word_1_101' title='bbox 436 1401 536 1445; x_wconf 90' lang='lat' dir='ltr'>causa</span> <span class='ocrx_word' id='word_1_102' title='bbox 551 1381 661 1464; x_wconf 92' lang='lat' dir='ltr'>potius</span> <span class='ocrx_word' id='word_1_103' title='bbox 676 1400 777 1464; x_wconf 91' lang='lat' dir='ltr'>quam</span> <span class='ocrx_word' id='word_1_104' title='bbox 793 1391 851 1444; x_wconf 88' lang='lat' dir='ltr'>tua</span> <span class='ocrx_word' id='word_1_105' title='bbox 866 1381 928 1445; x_wconf 89' lang='lat' dir='ltr'>tibi</span> <span class='ocrx_word' id='word_1_106' title='bbox 944 1382 1091 1458; x_wconf 85' lang='lat' dir='ltr'>suadere,</span> <span class='ocrx_word' id='word_1_107' title='bbox 1104 1392 1140 1445; x_wconf 93' lang='lat' dir='ltr'>ut</span> <span class='ocrx_word' id='word_1_108' title='bbox 1155 1390 1189 1444; x_wconf 90' lang='lat' dir='ltr'>te</span> <span class='ocrx_word' id='word_1_109' title='bbox 1204 1390 1261 1445; x_wconf 88' lang='lat' dir='ltr'>aut</span> <span class='ocrx_word' id='word_1_110' title='bbox 1277 1400 1353 1445; x_wconf 92' lang='lat' dir='ltr'>cum</span> 
     </span>
    </p>

    <p class='ocr_par' dir='ltr' id='par_1_6' title="bbox 79 1483 1400 2089">
     <span class='ocr_line' id='line_1_11' title="bbox 79 1483 1381 1567; baseline 0.001 -19"><span class='ocrx_word' id='word_1_111' title='bbox 79 1535 82 1539; x_wconf 52' lang='grc'><strong><em>«</em></strong></span> <span class='ocrx_word' id='word_1_112' title='bbox 154 1483 294 1548; x_wconf 88' lang='lat' dir='ltr'>Caesare</span> <span class='ocrx_word' id='word_1_113' title='bbox 325 1486 563 1567; x_wconf 89' lang='lat' dir='ltr'>nobiscumque</span> <span class='ocrx_word' id='word_1_114' title='bbox 587 1485 799 1567; x_wconf 86' lang='lat' dir='ltr'>coniungeres</span> <span class='ocrx_word' id='word_1_115' title='bbox 824 1496 881 1550; x_wconf 85' lang='lat' dir='ltr'>aut</span> <span class='ocrx_word' id='word_1_116' title='bbox 908 1495 997 1549; x_wconf 89' lang='lat' dir='ltr'>certe</span> <span class='ocrx_word' id='word_1_117' title='bbox 1023 1486 1056 1549; x_wconf 93' lang='lat' dir='ltr'>in</span> <span class='ocrx_word' id='word_1_118' title='bbox 1080 1487 1185 1550; x_wconf 89' lang='lat' dir='ltr'>otium</span> <span class='ocrx_word' id='word_1_119' title='bbox 1209 1484 1381 1560; x_wconf 83' lang='lat' dir='ltr'>referres,5</span> 
     </span>
     <span class='ocr_line' id='line_1_12' title="bbox 152 1588 1352 1673; baseline 0.002 -22"><span class='ocrx_word' id='word_1_120' title='bbox 152 1589 327 1672; x_wconf 87' lang='lat' dir='ltr'>praecipue</span> <span class='ocrx_word' id='word_1_121' title='bbox 342 1590 505 1654; x_wconf 86' lang='lat' dir='ltr'>nunciam</span> <span class='ocrx_word' id='word_1_122' title='bbox 521 1588 679 1654; x_wconf 88' lang='lat' dir='ltr'>inclinata</span> <span class='ocrx_word' id='word_1_123' title='bbox 689 1590 833 1663; x_wconf 89' lang='lat' dir='ltr'>victoria,</span> <span class='ocrx_word' id='word_1_124' title='bbox 845 1610 888 1653; x_wconf 90' lang='lat' dir='ltr'>ne</span> <span class='ocrx_word' id='word_1_125' title='bbox 901 1610 1036 1671; x_wconf 90' lang='lat' dir='ltr'>possum</span> <span class='ocrx_word' id='word_1_126' title='bbox 1052 1590 1187 1673; x_wconf 92' lang='lat' dir='ltr'>quidem</span> <span class='ocrx_word' id='word_1_127' title='bbox 1200 1591 1234 1653; x_wconf 92' lang='lat' dir='ltr'>in</span> <span class='ocrx_word' id='word_1_128' title='bbox 1250 1588 1352 1653; x_wconf 92' lang='lat' dir='ltr'>ullam</span> 
     </span>
     <span class='ocr_line' id='line_1_13' title="bbox 152 1689 1353 1776; baseline 0.002 -22"><span class='ocrx_word' id='word_1_129' title='bbox 152 1689 252 1755; x_wconf 88' lang='lat' dir='ltr'>aliam</span> <span class='ocrx_word' id='word_1_130' title='bbox 276 1693 419 1757; x_wconf 88' lang='lat' dir='ltr'>incidere</span> <span class='ocrx_word' id='word_1_131' title='bbox 440 1695 628 1776; x_wconf 90' lang='lat' dir='ltr'>opinionem</span> <span class='ocrx_word' id='word_1_132' title='bbox 644 1694 704 1757; x_wconf 88' lang='lat' dir='ltr'>nisi</span> <span class='ocrx_word' id='word_1_133' title='bbox 721 1694 753 1756; x_wconf 92' lang='lat' dir='ltr'>in</span> <span class='ocrx_word' id='word_1_134' title='bbox 768 1713 853 1770; x_wconf 83' lang='lat' dir='ltr'>eam,</span> <span class='ocrx_word' id='word_1_135' title='bbox 869 1694 902 1755; x_wconf 93' lang='lat' dir='ltr'>in</span> <span class='ocrx_word' id='word_1_136' title='bbox 917 1713 984 1775; x_wconf 92' lang='lat' dir='ltr'>qua</span> <span class='ocrx_word' id='word_1_137' title='bbox 999 1693 1122 1758; x_wconf 88' lang='lat' dir='ltr'>scilicet</span> <span class='ocrx_word' id='word_1_138' title='bbox 1138 1694 1198 1757; x_wconf 89' lang='lat' dir='ltr'>tibi</span> <span class='ocrx_word' id='word_1_139' title='bbox 1214 1694 1353 1757; x_wconf 90' lang='lat' dir='ltr'>suadere</span> 
     </span>
     <span class='ocr_line' id='line_1_14' title="bbox 151 1795 1353 1881; baseline 0.002 -23"><span class='ocrx_word' id='word_1_140' title='bbox 151 1795 273 1871; x_wconf 89' lang='lat' dir='ltr'>videar,</span> <span class='ocrx_word' id='word_1_141' title='bbox 283 1798 373 1879; x_wconf 92' lang='lat' dir='ltr'>quod</span> <span class='ocrx_word' id='word_1_142' title='bbox 383 1798 436 1879; x_wconf 89' lang='lat' dir='ltr'>pie</span> <span class='ocrx_word' id='word_1_143' title='bbox 446 1807 554 1862; x_wconf 87' lang='lat' dir='ltr'>tacere</span> <span class='ocrx_word' id='word_1_144' title='bbox 570 1818 636 1860; x_wconf 91' lang='lat' dir='ltr'>non</span> <span class='ocrx_word' id='word_1_145' title='bbox 652 1797 791 1881; x_wconf 88' lang='lat' dir='ltr'>possim:</span> <span class='ocrx_word' id='word_1_146' title='bbox 815 1806 852 1861; x_wconf 94' lang='lat' dir='ltr'>tu</span> <span class='ocrx_word' id='word_1_147' title='bbox 868 1806 988 1873; x_wconf 90' lang='lat' dir='ltr'>autem,</span> <span class='ocrx_word' id='word_1_148' title='bbox 1005 1797 1048 1859; x_wconf 93' lang='lat' dir='ltr'>mi</span> <span class='ocrx_word' id='word_1_149' title='bbox 1069 1795 1193 1875; x_wconf 85' lang='lat' dir='ltr'>Cicero,</span> <span class='ocrx_word' id='word_1_150' title='bbox 1210 1797 1256 1861; x_wconf 93' lang='lat' dir='ltr'>sic</span> <span class='ocrx_word' id='word_1_151' title='bbox 1271 1796 1353 1861; x_wconf 89' lang='lat' dir='ltr'>haec</span> 
     </span>
     <span class='ocr_line' id='line_1_15' title="bbox 152 1899 1351 1984; baseline 0.003 -23"><span class='ocrx_word' id='word_1_152' title='bbox 152 1899 302 1983; x_wconf 89' lang='lat' dir='ltr'>accipies,</span> <span class='ocrx_word' id='word_1_153' title='bbox 324 1910 371 1976; x_wconf 89' lang='lat' dir='ltr'>ut,</span> <span class='ocrx_word' id='word_1_154' title='bbox 392 1901 461 1965; x_wconf 87' lang='lat' dir='ltr'>sive</span> <span class='ocrx_word' id='word_1_155' title='bbox 483 1902 713 1983; x_wconf 88' lang='lat' dir='ltr'>probabuntur</span> <span class='ocrx_word' id='word_1_156' title='bbox 727 1900 787 1966; x_wconf 88' lang='lat' dir='ltr'>tibi</span> <span class='ocrx_word' id='word_1_157' title='bbox 804 1900 872 1964; x_wconf 90' lang='lat' dir='ltr'>sive</span> <span class='ocrx_word' id='word_1_158' title='bbox 888 1921 954 1964; x_wconf 92' lang='lat' dir='ltr'>non</span> <span class='ocrx_word' id='word_1_159' title='bbox 970 1901 1206 1983; x_wconf 85' lang='lat' dir='ltr'>probabuntur,</span> <span class='ocrx_word' id='word_1_160' title='bbox 1225 1902 1268 1964; x_wconf 88' lang='lat' dir='ltr'>ab</span> <span class='ocrx_word' id='word_1_161' title='bbox 1292 1921 1351 1984; x_wconf 92' lang='lat' dir='ltr'>op-</span> 
     </span>
     <span class='ocr_line' id='line_1_16' title="bbox 153 2001 1400 2089; baseline -0.002 -23"><span class='ocrx_word' id='word_1_162' title='bbox 153 2001 237 2067; x_wconf 92' lang='lat' dir='ltr'>timo</span> <span class='ocrx_word' id='word_1_163' title='bbox 259 2012 348 2067; x_wconf 89' lang='lat' dir='ltr'>certe</span> <span class='ocrx_word' id='word_1_164' title='bbox 367 2004 479 2069; x_wconf 87' lang='lat' dir='ltr'>animo</span> <span class='ocrx_word' id='word_1_165' title='bbox 500 2025 539 2068; x_wconf 93' lang='lat' dir='ltr'>ac</span> <span class='ocrx_word' id='word_1_166' title='bbox 560 2005 766 2069; x_wconf 88' lang='lat' dir='ltr'>deditissimo</span> <span class='ocrx_word' id='word_1_167' title='bbox 788 2005 849 2069; x_wconf 89' lang='lat' dir='ltr'>tibi</span> <span class='ocrx_word' id='word_1_168' title='bbox 866 2014 899 2068; x_wconf 89' lang='lat' dir='ltr'>et</span> <span class='ocrx_word' id='word_1_169' title='bbox 914 2005 1059 2087; x_wconf 85' lang='lat' dir='ltr'>cogitata</span> <span class='ocrx_word' id='word_1_170' title='bbox 1080 2014 1114 2069; x_wconf 90' lang='lat' dir='ltr'>et</span> <span class='ocrx_word' id='word_1_171' title='bbox 1137 2006 1259 2089; x_wconf 85' lang='lat' dir='ltr'>scripta</span> <span class='ocrx_word' id='word_1_172' title='bbox 1281 2024 1353 2068; x_wconf 89' lang='lat' dir='ltr'>esse</span> <span class='ocrx_word' id='word_1_173' title='bbox 1369 2025 1400 2062; x_wconf 84' lang='grc' dir='ltr'>ιο</span> 
     </span>
    </p>

    <p class='ocr_par' dir='ltr' id='par_1_7' title="bbox 123 2106 1398 2607">
     <span class='ocr_line' id='line_1_17' title="bbox 123 2106 1352 2193; baseline 0.003 -25"><span class='ocrx_word' id='word_1_174' title='bbox 123 2106 288 2170; x_wconf 65' lang='lat' dir='ltr'>ssiudices.</span> <span class='ocrx_word' id='word_1_175' title='bbox 333 2107 583 2173; x_wconf 87' lang='lat' dir='ltr'>Animadvertis</span> <span class='ocrx_word' id='word_1_176' title='bbox 599 2109 660 2174; x_wconf 88' lang='lat' dir='ltr'>Cn.</span> <span class='ocrx_word' id='word_1_177' title='bbox 677 2109 871 2193; x_wconf 91' lang='lat' dir='ltr'>Pompeium</span> <span class='ocrx_word' id='word_1_178' title='bbox 883 2129 942 2173; x_wconf 92' lang='lat' dir='ltr'>nec</span> <span class='ocrx_word' id='word_1_179' title='bbox 955 2110 1096 2172; x_wconf 91' lang='lat' dir='ltr'>nominis</span> <span class='ocrx_word' id='word_1_180' title='bbox 1107 2110 1158 2172; x_wconf 91' lang='lat' dir='ltr'>sui</span> <span class='ocrx_word' id='word_1_181' title='bbox 1167 2129 1227 2172; x_wconf 89' lang='lat' dir='ltr'>nec</span> <span class='ocrx_word' id='word_1_182' title='bbox 1244 2128 1352 2172; x_wconf 91' lang='lat' dir='ltr'>rerum</span> 
     </span>
     <span class='ocr_line' id='line_1_18' title="bbox 153 2211 1353 2303; baseline 0.002 -29"><span class='ocrx_word' id='word_1_183' title='bbox 153 2222 322 2292; x_wconf 83' lang='lat' dir='ltr'>gestarum</span> <span class='ocrx_word' id='word_1_184' title='bbox 338 2213 443 2295; x_wconf 83' lang='lat' dir='ltr'>gloria</span> <span class='ocrx_word' id='word_1_185' title='bbox 458 2234 564 2295; x_wconf 90' lang='lat' dir='ltr'>neque</span> <span class='ocrx_word' id='word_1_186' title='bbox 579 2213 679 2277; x_wconf 91' lang='lat' dir='ltr'>etiam</span> <span class='ocrx_word' id='word_1_187' title='bbox 696 2233 811 2295; x_wconf 88' lang='lat' dir='ltr'>regum</span> <span class='ocrx_word' id='word_1_188' title='bbox 834 2233 873 2277; x_wconf 95' lang='lat' dir='ltr'>ac</span> <span class='ocrx_word' id='word_1_189' title='bbox 897 2211 1253 2303; x_wconf 31' lang='lat' dir='ltr'>nationum&#39;clientelis,</span> <span class='ocrx_word' id='word_1_190' title='bbox 1270 2231 1353 2294; x_wconf 91' lang='lat' dir='ltr'>quas</span> 
     </span>
     <span class='ocr_line' id='line_1_19' title="bbox 154 2314 1352 2397; baseline 0.003 -21"><span class='ocrx_word' id='word_1_191' title='bbox 154 2324 322 2379; x_wconf 88' lang='lat' dir='ltr'>ostentare</span> <span class='ocrx_word' id='word_1_192' title='bbox 337 2317 451 2381; x_wconf 89' lang='lat' dir='ltr'>crebro</span> <span class='ocrx_word' id='word_1_193' title='bbox 474 2316 611 2393; x_wconf 87' lang='lat' dir='ltr'>solebat,</span> <span class='ocrx_word' id='word_1_194' title='bbox 627 2337 699 2381; x_wconf 88' lang='lat' dir='ltr'>esse</span> <span class='ocrx_word' id='word_1_195' title='bbox 721 2326 840 2393; x_wconf 89' lang='lat' dir='ltr'>tutum,</span> <span class='ocrx_word' id='word_1_196' title='bbox 855 2326 889 2380; x_wconf 94' lang='lat' dir='ltr'>et</span> <span class='ocrx_word' id='word_1_197' title='bbox 913 2315 977 2380; x_wconf 93' lang='lat' dir='ltr'>hoc</span> <span class='ocrx_word' id='word_1_198' title='bbox 999 2317 1109 2392; x_wconf 89' lang='lat' dir='ltr'>etiam,</span> <span class='ocrx_word' id='word_1_199' title='bbox 1124 2317 1215 2397; x_wconf 92' lang='lat' dir='ltr'>quod</span> <span class='ocrx_word' id='word_1_200' title='bbox 1238 2314 1352 2380; x_wconf 86' lang='lat' dir='ltr'>infimo</span> 
     </span>
     <span class='ocr_line' id='line_1_20' title="bbox 154 2418 1353 2503; baseline 0.003 -23"><span class='ocrx_word' id='word_1_201' title='bbox 154 2418 271 2500; x_wconf 90' lang='lat' dir='ltr'>cuique</span> <span class='ocrx_word' id='word_1_202' title='bbox 297 2421 445 2502; x_wconf 85' lang='lat' dir='ltr'>contigit,</span> <span class='ocrx_word' id='word_1_203' title='bbox 468 2419 516 2483; x_wconf 93' lang='lat' dir='ltr'>illi</span> <span class='ocrx_word' id='word_1_204' title='bbox 542 2441 608 2484; x_wconf 92' lang='lat' dir='ltr'>non</span> <span class='ocrx_word' id='word_1_205' title='bbox 635 2440 733 2503; x_wconf 89' lang='lat' dir='ltr'>posse</span> <span class='ocrx_word' id='word_1_206' title='bbox 756 2419 958 2502; x_wconf 86' lang='lat' dir='ltr'>contingere,</span> <span class='ocrx_word' id='word_1_207' title='bbox 982 2428 1019 2484; x_wconf 89' lang='lat' dir='ltr'>ut</span> <span class='ocrx_word' id='word_1_208' title='bbox 1045 2418 1184 2483; x_wconf 90' lang='lat' dir='ltr'>honeste</span> <span class='ocrx_word' id='word_1_209' title='bbox 1208 2418 1353 2502; x_wconf 84' lang='lat' dir='ltr'>effugere</span> 
     </span>
     <span class='ocr_line' id='line_1_21' title="bbox 153 2521 1398 2607; baseline 0.001 -23"><span class='ocrx_word' id='word_1_210' title='bbox 153 2521 268 2604; x_wconf 88' lang='lat' dir='ltr'>possit,</span> <span class='ocrx_word' id='word_1_211' title='bbox 284 2523 381 2606; x_wconf 91' lang='lat' dir='ltr'>pulso</span> <span class='ocrx_word' id='word_1_212' title='bbox 407 2523 512 2602; x_wconf 89' lang='lat' dir='ltr'>Italia,</span> <span class='ocrx_word' id='word_1_213' title='bbox 536 2524 666 2589; x_wconf 91' lang='lat' dir='ltr'>amissis</span> <span class='ocrx_word' id='word_1_214' title='bbox 691 2523 872 2607; x_wconf 88' lang='lat' dir='ltr'>Hispaniis,</span> <span class='ocrx_word' id='word_1_215' title='bbox 895 2533 994 2607; x_wconf 85' lang='lat' dir='ltr'>capto</span> <span class='ocrx_word' id='word_1_216' title='bbox 1021 2523 1168 2587; x_wconf 87' lang='lat' dir='ltr'>exercitu</span> <span class='ocrx_word' id='word_1_217' title='bbox 1188 2532 1353 2601; x_wconf 90' lang='lat' dir='ltr'>veterano,</span> <span class='ocrx_word' id='word_1_218' title='bbox 1369 2543 1398 2593; x_wconf 80' lang='lat'>15</span> 
     </span>
    </p>
   </div>
   <div class='ocr_carea' id='block_1_6' title="bbox 152 2733 1355 4573">
    <p class='ocr_par' dir='ltr' id='par_1_8' title="bbox 153 2733 1355 2995">
     <span class='ocr_line' id='line_1_22' title="bbox 188 2733 1355 2800; baseline 0.001 -16"><span class='ocrx_word' id='word_1_219' title='bbox 188 2749 210 2784; x_wconf 89' lang='lat' dir='ltr'>r.</span> <span class='ocrx_word' id='word_1_220' title='bbox 229 2735 505 2792; x_wconf 72' lang='lat' dir='ltr'>S.v.ss.v=‘sivsles</span> <span class='ocrx_word' id='word_1_221' title='bbox 516 2736 627 2800; x_wconf 63' lang='lat' dir='ltr'>gaudem</span> <span class='ocrx_word' id='word_1_222' title='bbox 640 2734 729 2785; x_wconf 62' lang='lat' dir='ltr'>valeo)</span> <span class='ocrx_word' id='word_1_223' title='bbox 771 2733 814 2783; x_wconf 90' lang='lat' dir='ltr'>the</span> <span class='ocrx_word' id='word_1_224' title='bbox 842 2735 960 2800; x_wconf 82' lang='lat' dir='ltr'>spodosis</span> <span class='ocrx_word' id='word_1_225' title='bbox 994 2735 1081 2799; x_wconf 86' lang='lat' dir='ltr'>begins</span> <span class='ocrx_word' id='word_1_226' title='bbox 1112 2734 1174 2785; x_wconf 86' lang='lat' dir='ltr'>with</span> <span class='ocrx_word' id='word_1_227' title='bbox 1206 2735 1355 2800; x_wconf 77' lang='lat' dir='ltr'>‘praecipue</span> 
     </span>
     <span class='ocr_line' id='line_1_23' title="bbox 154 2799 851 2865; baseline 0 -15"><span class='ocrx_word' id='word_1_228' title='bbox 154 2799 290 2850; x_wconf 79' lang='lat' dir='ltr'>Dolabella</span> <span class='ocrx_word' id='word_1_229' title='bbox 300 2815 356 2850; x_wconf 85' lang='lat' dir='ltr'>uses</span> <span class='ocrx_word' id='word_1_230' title='bbox 370 2817 395 2864; x_wconf 83' lang='lat' dir='ltr'>g.</span> <span class='ocrx_word' id='word_1_231' title='bbox 413 2800 540 2865; x_wconf 60' lang='lat' dir='ltr'>‘gaudem&#39;</span> <span class='ocrx_word' id='word_1_232' title='bbox 556 2801 595 2851; x_wconf 90' lang='lat' dir='ltr'>for</span> <span class='ocrx_word' id='word_1_233' title='bbox 608 2802 649 2851; x_wconf 87' lang='lat' dir='ltr'>the</span> <span class='ocrx_word' id='word_1_234' title='bbox 662 2816 730 2849; x_wconf 90' lang='lat' dir='ltr'>more</span> <span class='ocrx_word' id='word_1_235' title='bbox 772 2802 851 2850; x_wconf 66' lang='lat' dir='ltr'>nunc)</span> 
     </span>
     <span class='ocr_line' id='line_1_24' title="bbox 154 2864 1353 2930; baseline -0.001 -13"><span class='ocrx_word' id='word_1_236' title='bbox 154 2882 270 2917; x_wconf 89' lang='lat' dir='ltr'>common</span> <span class='ocrx_word' id='word_1_237' title='bbox 287 2865 368 2917; x_wconf 85' lang='lat' dir='ltr'>‘b.e.’</span> <span class='ocrx_word' id='word_1_238' title='bbox 384 2866 525 2917; x_wconf 80' lang='lat' dir='ltr'>‘beneest’</span> <span class='ocrx_word' id='word_1_239' title='bbox 558 2868 605 2917; x_wconf 89' lang='lat' dir='ltr'>See</span> <span class='ocrx_word' id='word_1_240' title='bbox 617 2864 731 2916; x_wconf 82' lang='lat' dir='ltr'>Bo&#39;clrel’s</span> <span class='ocrx_word' id='word_1_241' title='bbox 807 2866 1148 2930; x_wconf 79' lang='lat' dir='ltr'>7.1nqussollloet,foll.</span> <span class='ocrx_word' id='word_1_242' title='bbox 1178 2865 1258 2917; x_wconf 80' lang='lat' dir='ltr'>These</span> <span class='ocrx_word' id='word_1_243' title='bbox 1270 2866 1353 2916; x_wconf 85' lang='lat' dir='ltr'>words</span> 
     </span>
     <span class='ocr_line' id='line_1_25' title="bbox 153 2930 1351 2995; baseline 0 -14"><span class='ocrx_word' id='word_1_244' title='bbox 153 2940 219 2982; x_wconf 86' lang='lat' dir='ltr'>note.</span> <span class='ocrx_word' id='word_1_245' title='bbox 773 2947 815 2979; x_wconf 83' lang='lat' dir='ltr'>are</span> <span class='ocrx_word' id='word_1_246' title='bbox 841 2947 899 2995; x_wconf 81' lang='lat' dir='ltr'>very</span> <span class='ocrx_word' id='word_1_247' title='bbox 923 2934 1037 2991; x_wconf 86' lang='lat' dir='ltr'>curious;</span> <span class='ocrx_word' id='word_1_248' title='bbox 1063 2932 1172 2981; x_wconf 78' lang='lat' dir='ltr'>‘scilicet</span> <span class='ocrx_word' id='word_1_249' title='bbox 1200 2940 1227 2981; x_wconf 89' lang='lat' dir='ltr'>ut</span> <span class='ocrx_word' id='word_1_250' title='bbox 1253 2930 1351 2981; x_wconf 79' lang='lat' dir='ltr'>videsr&#39;</span> 
     </span>
    </p>

    <p class='ocr_par' dir='ltr' id='par_1_9' title="bbox 153 2996 1352 3347">
     <span class='ocr_line' id='line_1_26' title="bbox 187 2996 1352 3062; baseline -0.001 -16"><span class='ocrx_word' id='word_1_251' title='bbox 187 3001 285 3047; x_wconf 76' lang='lat' dir='ltr'>Minus</span> <span class='ocrx_word' id='word_1_252' title='bbox 306 3000 381 3047; x_wconf 87' lang='lat' dir='ltr'>belle</span> <span class='ocrx_word' id='word_1_253' title='bbox 398 3001 508 3057; x_wconf 77' lang='lat' dir='ltr'>habuit,</span> <span class='ocrx_word' id='word_1_254' title='bbox 531 2998 590 3048; x_wconf 82' lang='lat' dir='ltr'>‘hes</span> <span class='ocrx_word' id='word_1_255' title='bbox 608 2999 669 3048; x_wconf 88' lang='lat' dir='ltr'>been</span> <span class='ocrx_word' id='word_1_256' title='bbox 686 3013 730 3046; x_wconf 89' lang='lat' dir='ltr'>un·</span> <span class='ocrx_word' id='word_1_257' title='bbox 773 2996 857 3045; x_wconf 86' lang='lat' dir='ltr'>would</span> <span class='ocrx_word' id='word_1_258' title='bbox 878 2998 908 3047; x_wconf 91' lang='lat' dir='ltr'>be</span> <span class='ocrx_word' id='word_1_259' title='bbox 927 3014 996 3048; x_wconf 90' lang='lat' dir='ltr'>more</span> <span class='ocrx_word' id='word_1_260' title='bbox 1014 2997 1112 3062; x_wconf 78' lang='lat' dir='ltr'>regular</span> <span class='ocrx_word' id='word_1_261' title='bbox 1133 2997 1211 3047; x_wconf 84' lang='lat' dir='ltr'>‘than</span> <span class='ocrx_word' id='word_1_262' title='bbox 1231 2998 1260 3047; x_wconf 93' lang='lat' dir='ltr'>of</span> <span class='ocrx_word' id='word_1_263' title='bbox 1278 2998 1352 3062; x_wconf 81' lang='lat' dir='ltr'>being</span> 
     </span>
     <span class='ocr_line' id='line_1_27' title="bbox 153 3062 1352 3128; baseline 0.002 -17"><span class='ocrx_word' id='word_1_264' title='bbox 153 3062 227 3112; x_wconf 69' lang='lat' dir='ltr'>well!</span> <span class='ocrx_word' id='word_1_265' title='bbox 262 3063 310 3127; x_wconf 91' lang='lat' dir='ltr'>Cp.</span> <span class='ocrx_word' id='word_1_266' title='bbox 322 3064 369 3128; x_wconf 88' lang='lat' dir='ltr'>Ep.</span> <span class='ocrx_word' id='word_1_267' title='bbox 383 3077 422 3126; x_wconf 81' lang='lat'>53,</span> <span class='ocrx_word' id='word_1_268' title='bbox 436 3077 446 3110; x_wconf 88' lang='lat'>1</span> <span class='ocrx_word' id='word_1_269' title='bbox 458 3081 464 3123; x_wconf 90' lang='grc'><strong>;</strong></span> <span class='ocrx_word' id='word_1_270' title='bbox 476 3064 526 3113; x_wconf 88' lang='lat' dir='ltr'>and</span> <span class='ocrx_word' id='word_1_271' title='bbox 538 3069 615 3114; x_wconf 85' lang='lat' dir='ltr'>‘recte</span> <span class='ocrx_word' id='word_1_272' title='bbox 627 3064 675 3113; x_wconf 89' lang='lat' dir='ltr'>hoc</span> <span class='ocrx_word' id='word_1_273' title='bbox 686 3079 731 3127; x_wconf 88' lang='lat' dir='ltr'>par</span> <span class='ocrx_word' id='word_1_274' title='bbox 773 3062 880 3126; x_wconf 81' lang='lat' dir='ltr'>thought</span> <span class='ocrx_word' id='word_1_275' title='bbox 904 3070 931 3113; x_wconf 86' lang='lat' dir='ltr'>to</span> <span class='ocrx_word' id='word_1_276' title='bbox 953 3063 1111 3114; x_wconf 89' lang='lat' dir='ltr'>recommend</span> <span class='ocrx_word' id='word_1_277' title='bbox 1134 3064 1202 3113; x_wconf 86' lang='lat' dir='ltr'>what</span> <span class='ocrx_word' id='word_1_278' title='bbox 1225 3063 1238 3111; x_wconf 93' lang='lat'><em>1</em></span> <span class='ocrx_word' id='word_1_279' title='bbox 1261 3071 1352 3113; x_wconf 83' lang='lat' dir='ltr'>cannot</span> 
     </span>
     <span class='ocr_line' id='line_1_28' title="bbox 154 3127 1350 3205; baseline 0.001 -28"><span class='ocrx_word' id='word_1_280' title='bbox 154 3127 246 3178; x_wconf 89' lang='lat' dir='ltr'>habet&#39;</span> <span class='ocrx_word' id='word_1_281' title='bbox 264 3129 312 3193; x_wconf 88' lang='lat' dir='ltr'>Ep.</span> <span class='ocrx_word' id='word_1_282' title='bbox 332 3142 372 3191; x_wconf 83' lang='lat'>34,</span> <span class='ocrx_word' id='word_1_283' title='bbox 391 3144 412 3192; x_wconf 83' lang='lat'>3.</span> <span class='ocrx_word' id='word_1_284' title='bbox 450 3129 499 3178; x_wconf 87' lang='lat' dir='ltr'>‘Se</span> <span class='ocrx_word' id='word_1_285' title='bbox 516 3128 622 3180; x_wconf 87' lang='lat' dir='ltr'>habere’</span> <span class='ocrx_word' id='word_1_286' title='bbox 639 3130 661 3178; x_wconf 87' lang='lat' dir='ltr'>is</span> <span class='ocrx_word' id='word_1_287' title='bbox 677 3127 731 3178; x_wconf 76' lang='lat' dir='ltr'>also</span> <span class='ocrx_word' id='word_1_288' title='bbox 773 3127 968 3205; x_wconf 83' lang='lat' dir='ltr'>withpropn&#39;ety</span> <span class='ocrx_word' id='word_1_289' title='bbox 976 3131 1039 3179; x_wconf 89' lang='lat' dir='ltr'>omit</span> <span class='ocrx_word' id='word_1_290' title='bbox 1047 3127 1208 3178; x_wconf 85' lang='lat' dir='ltr'>tomention.&#39;</span> <span class='ocrx_word' id='word_1_291' title='bbox 1233 3129 1350 3178; x_wconf 85' lang='lat' dir='ltr'>Wesenb.</span> 
     </span>
     <span class='ocr_line' id='line_1_29' title="bbox 154 3193 1351 3261; baseline 0.002 -17"><span class='ocrx_word' id='word_1_292' title='bbox 154 3194 214 3244; x_wconf 83' lang='lat' dir='ltr'>used</span> <span class='ocrx_word' id='word_1_293' title='bbox 231 3194 256 3243; x_wconf 89' lang='lat' dir='ltr'>in</span> <span class='ocrx_word' id='word_1_294' title='bbox 276 3194 371 3244; x_wconf 80' lang='lat' dir='ltr'>similer</span> <span class='ocrx_word' id='word_1_295' title='bbox 391 3211 517 3259; x_wconf 77' lang='lat' dir='ltr'>passages.</span> <span class='ocrx_word' id='word_1_296' title='bbox 550 3196 598 3261; x_wconf 91' lang='lat' dir='ltr'>Cp.</span> <span class='ocrx_word' id='word_1_297' title='bbox 618 3195 660 3243; x_wconf 84' lang='lat' dir='ltr'>Ad</span> <span class='ocrx_word' id='word_1_298' title='bbox 677 3196 731 3244; x_wconf 81' lang='lat' dir='ltr'>Att.</span> <span class='ocrx_word' id='word_1_299' title='bbox 773 3193 850 3242; x_wconf 88' lang='lat' dir='ltr'>omits</span> <span class='ocrx_word' id='word_1_300' title='bbox 871 3195 929 3243; x_wconf 85' lang='lat' dir='ltr'>‘m&#39;</span> <span class='ocrx_word' id='word_1_301' title='bbox 949 3195 1031 3245; x_wconf 88' lang='lat' dir='ltr'>before</span> <span class='ocrx_word' id='word_1_302' title='bbox 1049 3193 1128 3258; x_wconf 78' lang='lat' dir='ltr'>&#39;qna&#39;</span> <span class='ocrx_word' id='word_1_303' title='bbox 1162 3195 1203 3245; x_wconf 86' lang='lat' dir='ltr'>On</span> <span class='ocrx_word' id='word_1_304' title='bbox 1224 3195 1266 3244; x_wconf 90' lang='lat' dir='ltr'>the</span> <span class='ocrx_word' id='word_1_305' title='bbox 1285 3193 1351 3257; x_wconf 87' lang='lat' dir='ltr'>conj.</span> 
     </span>
     <span class='ocr_line' id='line_1_30' title="bbox 157 3258 1352 3347; baseline 0.004 -41"><span class='ocrx_word' id='word_1_306' title='bbox 157 3270 246 3321; x_wconf 78' lang='lat'>12.37,</span> <span class='ocrx_word' id='word_1_307' title='bbox 262 3273 272 3307; x_wconf 89' lang='lat'>1</span> <span class='ocrx_word' id='word_1_308' title='bbox 288 3261 417 3311; x_wconf 83' lang='lat' dir='ltr'>‘Atticam</span> <span class='ocrx_word' id='word_1_309' title='bbox 434 3296 440 3308; x_wconf 89' lang='lat'>.</span> <span class='ocrx_word' id='word_1_310' title='bbox 460 3260 543 3310; x_wconf 89' lang='lat' dir='ltr'>.belle</span> <span class='ocrx_word' id='word_1_311' title='bbox 554 3277 580 3310; x_wconf 85' lang='lat' dir='ltr'>se</span> <span class='ocrx_word' id='word_1_312' title='bbox 592 3258 698 3310; x_wconf 65' lang='lat' dir='ltr'>habere!</span> <span class='ocrx_word' id='word_1_313' title='bbox 773 3259 892 3316; x_wconf 58' lang='lat' dir='ltr'>‘rideam&#39;</span> <span class='ocrx_word' id='word_1_314' title='bbox 913 3277 927 3310; x_wconf 92' lang='lat' dir='ltr'>c</span> <span class='ocrx_word' id='word_1_315' title='bbox 947 3298 952 3309; x_wconf 93' lang='lat'>.</span> <span class='ocrx_word' id='word_1_316' title='bbox 973 3261 1021 3325; x_wconf 90' lang='lat' dir='ltr'>Ep.</span> <span class='ocrx_word' id='word_1_317' title='bbox 1040 3274 1065 3347; x_wconf 49' lang='grc' dir='ltr'>ᾗ,</span> <span class='ocrx_word' id='word_1_318' title='bbox 1082 3262 1105 3309; x_wconf 85' lang='grc'>8.</span> <span class='ocrx_word' id='word_1_319' title='bbox 1141 3259 1352 3311; x_wconf 80' lang='lat' dir='ltr'>‘Scilicet&#39;=‘to</span> 
     </span>
    </p>

    <p class='ocr_par' dir='ltr' id='par_1_10' title="bbox 153 3277 1351 3522">
     <span class='ocr_line' id='line_1_31' title="bbox 189 3277 1351 3391; baseline 0.003 -19"><span class='ocrx_word' id='word_1_320' title='bbox 189 3339 211 3375; x_wconf 85' lang='lat'>2.</span> <span class='ocrx_word' id='word_1_321' title='bbox 230 3326 505 3385; x_wconf 82' lang='lat' dir='ltr'>certum‚adverbial:</span> <span class='ocrx_word' id='word_1_322' title='bbox 524 3342 562 3391; x_wconf 89' lang='lat' dir='ltr'>cp.</span> <span class='ocrx_word' id='word_1_323' title='bbox 576 3327 624 3375; x_wconf 92' lang='lat' dir='ltr'>Pro</span> <span class='ocrx_word' id='word_1_324' title='bbox 638 3326 731 3375; x_wconf 82' lang='lat' dir='ltr'>Scauro</span> <span class='ocrx_word' id='word_1_325' title='bbox 774 3325 804 3374; x_wconf 94' lang='lat' dir='ltr'>be</span> <span class='ocrx_word' id='word_1_326' title='bbox 819 3323 890 3385; x_wconf 88' lang='lat' dir='ltr'>sure,’</span> <span class='ocrx_word' id='word_1_327' title='bbox 912 3277 945 3375; x_wconf 74' lang='lat' dir='ltr'>‘i</span> <span class='ocrx_word' id='word_1_328' title='bbox 961 3342 1040 3387; x_wconf 82' lang='lat' dir='ltr'>mesu,</span> <span class='ocrx_word' id='word_1_329' title='bbox 1068 3324 1187 3375; x_wconf 77' lang='lat' dir='ltr'>‘thetis&#39;</span> <span class='ocrx_word' id='word_1_330' title='bbox 1221 3326 1267 3376; x_wconf 90' lang='lat' dir='ltr'>See</span> <span class='ocrx_word' id='word_1_331' title='bbox 1283 3327 1351 3390; x_wconf 89' lang='lat' dir='ltr'>Epp.</span> 
     </span>
     <span class='ocr_line' id='line_1_32' title="bbox 157 3391 949 3456; baseline 0.003 -18"><span class='ocrx_word' id='word_1_332' title='bbox 157 3403 196 3452; x_wconf 84' lang='lat'>15,</span> <span class='ocrx_word' id='word_1_333' title='bbox 208 3405 241 3453; x_wconf 86' lang='lat'>34</span> <span class='ocrx_word' id='word_1_334' title='bbox 258 3392 325 3441; x_wconf 83' lang='lat' dir='ltr'>‘sive</span> <span class='ocrx_word' id='word_1_335' title='bbox 340 3392 457 3455; x_wconf 81' lang='lat' dir='ltr'>patricius</span> <span class='ocrx_word' id='word_1_336' title='bbox 474 3393 525 3441; x_wconf 87' lang='lat' dir='ltr'>sive</span> <span class='ocrx_word' id='word_1_337' title='bbox 541 3392 652 3456; x_wconf 85' lang='lat' dir='ltr'>plebeius</span> <span class='ocrx_word' id='word_1_338' title='bbox 667 3398 732 3440; x_wconf 86' lang='lat' dir='ltr'>esset</span> <span class='ocrx_word' id='word_1_339' title='bbox 776 3403 813 3447; x_wconf 81' lang='lat' dir='ltr'>ra,</span> <span class='ocrx_word' id='word_1_340' title='bbox 824 3405 855 3454; x_wconf 73' lang='lat'>43</span> <span class='ocrx_word' id='word_1_341' title='bbox 873 3391 914 3452; x_wconf 79' lang='lat'>38,</span> <span class='ocrx_word' id='word_1_342' title='bbox 927 3402 949 3455; x_wconf 80' lang='lat'>7.</span> 
     </span>
     <span class='ocr_line' id='line_1_33' title="bbox 153 3455 1351 3522; baseline 0 -17"><span class='ocrx_word' id='word_1_343' title='bbox 153 3457 297 3505; x_wconf 89' lang='lat' dir='ltr'>-nondum</span> <span class='ocrx_word' id='word_1_344' title='bbox 308 3458 374 3505; x_wconf 90' lang='lat' dir='ltr'>enim</span> <span class='ocrx_word' id='word_1_345' title='bbox 386 3465 479 3507; x_wconf 89' lang='lat' dir='ltr'>certum</span> <span class='ocrx_word' id='word_1_346' title='bbox 491 3455 668 3507; x_wconf 66' lang='lat' dir='ltr'>constituerat)</span> <span class='ocrx_word' id='word_1_347' title='bbox 807 3471 830 3519; x_wconf 89' lang='lat'>9.</span> <span class='ocrx_word' id='word_1_348' title='bbox 848 3460 893 3507; x_wconf 77' lang='lat' dir='ltr'>Ab</span> <span class='ocrx_word' id='word_1_349' title='bbox 906 3461 1014 3515; x_wconf 82' lang='lat' dir='ltr'>optimo</span> <span class='ocrx_word' id='word_1_350' title='bbox 1027 3494 1033 3506; x_wconf 94' lang='lat'>.</span> <span class='ocrx_word' id='word_1_351' title='bbox 1045 3492 1051 3504; x_wconf 92' lang='lat'>.</span> <span class='ocrx_word' id='word_1_352' title='bbox 1064 3459 1166 3507; x_wconf 76' lang='lat' dir='ltr'>animo.</span> <span class='ocrx_word' id='word_1_353' title='bbox 1194 3457 1250 3506; x_wconf 90' lang='lat' dir='ltr'>The</span> <span class='ocrx_word' id='word_1_354' title='bbox 1261 3472 1351 3522; x_wconf 90' lang='lat' dir='ltr'>prepo-</span> 
     </span>
    </p>

    <p class='ocr_par' dir='ltr' id='par_1_11' title="bbox 153 3520 1351 3783">
     <span class='ocr_line' id='line_1_34' title="bbox 188 3520 1351 3588; baseline 0.001 -17"><span class='ocrx_word' id='word_1_355' title='bbox 188 3535 211 3583; x_wconf 79' lang='lat'>3.</span> <span class='ocrx_word' id='word_1_356' title='bbox 228 3525 316 3579; x_wconf 78' lang='lat' dir='ltr'>Apud</span> <span class='ocrx_word' id='word_1_357' title='bbox 332 3528 369 3582; x_wconf 85' lang='lat' dir='ltr'>to,</span> <span class='ocrx_word' id='word_1_358' title='bbox 386 3524 428 3571; x_wconf 86' lang='lat' dir='ltr'>‘in</span> <span class='ocrx_word' id='word_1_359' title='bbox 446 3539 507 3586; x_wconf 84' lang='lat' dir='ltr'>your</span> <span class='ocrx_word' id='word_1_360' title='bbox 524 3522 615 3572; x_wconf 66' lang='lat' dir='ltr'>home!</span> <span class='ocrx_word' id='word_1_361' title='bbox 652 3521 732 3571; x_wconf 85' lang='lat' dir='ltr'>Dola·</span> <span class='ocrx_word' id='word_1_362' title='bbox 774 3520 849 3570; x_wconf 83' lang='lat' dir='ltr'>sirion</span> <span class='ocrx_word' id='word_1_363' title='bbox 864 3539 944 3573; x_wconf 89' lang='lat' dir='ltr'>seems</span> <span class='ocrx_word' id='word_1_364' title='bbox 959 3522 1128 3588; x_wconf 87' lang='lat' dir='ltr'>superfluous;</span> <span class='ocrx_word' id='word_1_365' title='bbox 1147 3523 1191 3573; x_wconf 92' lang='lat' dir='ltr'>but</span> <span class='ocrx_word' id='word_1_366' title='bbox 1207 3538 1245 3587; x_wconf 89' lang='lat' dir='ltr'>cp.</span> <span class='ocrx_word' id='word_1_367' title='bbox 1265 3522 1351 3572; x_wconf 76' lang='lat' dir='ltr'>Madv.</span> 
     </span>
     <span class='ocr_line' id='line_1_35' title="bbox 154 3585 942 3649; baseline 0.003 -13"><span class='ocrx_word' id='word_1_368' title='bbox 154 3586 222 3636; x_wconf 80' lang='lat' dir='ltr'>bella</span> <span class='ocrx_word' id='word_1_369' title='bbox 239 3587 323 3636; x_wconf 88' lang='lat' dir='ltr'>would</span> <span class='ocrx_word' id='word_1_370' title='bbox 340 3588 403 3637; x_wconf 83' lang='lat' dir='ltr'>have</span> <span class='ocrx_word' id='word_1_371' title='bbox 420 3588 483 3637; x_wconf 87' lang='lat' dir='ltr'>later</span> <span class='ocrx_word' id='word_1_372' title='bbox 499 3604 566 3638; x_wconf 88' lang='lat' dir='ltr'>news</span> <span class='ocrx_word' id='word_1_373' title='bbox 580 3588 609 3637; x_wconf 93' lang='lat' dir='ltr'>of</span> <span class='ocrx_word' id='word_1_374' title='bbox 622 3585 732 3638; x_wconf 92' lang='lat' dir='ltr'>Cicero’s</span> <span class='ocrx_word' id='word_1_375' title='bbox 776 3600 830 3649; x_wconf 78' lang='lat'>255,</span> <span class='ocrx_word' id='word_1_376' title='bbox 844 3587 905 3637; x_wconf 85' lang='lat' dir='ltr'>Obs.</span> <span class='ocrx_word' id='word_1_377' title='bbox 920 3601 942 3639; x_wconf 89' lang='lat'>1.</span> 
     </span>
     <span class='ocr_line' id='line_1_36' title="bbox 154 3653 1351 3718; baseline 0.002 -17"><span class='ocrx_word' id='word_1_378' title='bbox 154 3653 240 3716; x_wconf 77' lang='lat' dir='ltr'>family</span> <span class='ocrx_word' id='word_1_379' title='bbox 256 3653 317 3702; x_wconf 83' lang='lat' dir='ltr'>than</span> <span class='ocrx_word' id='word_1_380' title='bbox 335 3653 424 3703; x_wconf 86' lang='lat' dir='ltr'>Cicero</span> <span class='ocrx_word' id='word_1_381' title='bbox 440 3653 542 3704; x_wconf 82' lang='lat' dir='ltr'>himself</span> <span class='ocrx_word' id='word_1_382' title='bbox 555 3669 584 3703; x_wconf 87' lang='lat' dir='ltr'>as</span> <span class='ocrx_word' id='word_1_383' title='bbox 600 3653 666 3717; x_wconf 82' lang='lat' dir='ltr'>Italy</span> <span class='ocrx_word' id='word_1_384' title='bbox 680 3669 732 3702; x_wconf 84' lang='lat' dir='ltr'>was</span> <span class='ocrx_word' id='word_1_385' title='bbox 810 3666 848 3702; x_wconf 89' lang='lat'>11.</span> <span class='ocrx_word' id='word_1_386' title='bbox 875 3657 1096 3716; x_wconf 72' lang='lat' dir='ltr'>Animadvertis,</span> <span class='ocrx_word' id='word_1_387' title='bbox 1126 3656 1191 3718; x_wconf 83' lang='lat' dir='ltr'>‘you</span> <span class='ocrx_word' id='word_1_388' title='bbox 1222 3661 1289 3703; x_wconf 87' lang='lat' dir='ltr'>must</span> <span class='ocrx_word' id='word_1_389' title='bbox 1319 3653 1351 3703; x_wconf 92' lang='lat' dir='ltr'>be</span> 
     </span>
     <span class='ocr_line' id='line_1_37' title="bbox 153 3717 1000 3783; baseline 0.001 -16"><span class='ocrx_word' id='word_1_390' title='bbox 153 3717 213 3768; x_wconf 93' lang='lat' dir='ltr'>held</span> <span class='ocrx_word' id='word_1_391' title='bbox 230 3719 264 3781; x_wconf 86' lang='lat' dir='ltr'>by</span> <span class='ocrx_word' id='word_1_392' title='bbox 280 3717 393 3768; x_wconf 81' lang='lat' dir='ltr'>Caesar&#39;s</span> <span class='ocrx_word' id='word_1_393' title='bbox 410 3719 507 3770; x_wconf 88' lang='lat' dir='ltr'>friends.</span> <span class='ocrx_word' id='word_1_394' title='bbox 773 3717 871 3767; x_wconf 83' lang='lat' dir='ltr'>aware&#39;</span> <span class='ocrx_word' id='word_1_395' title='bbox 908 3720 1000 3783; x_wconf 83' lang='lat' dir='ltr'>Metzg.</span> 
     </span>
    </p>

    <p class='ocr_par' dir='ltr' id='par_1_12' title="bbox 155 3783 1351 3964">
     <span class='ocr_line' id='line_1_38' title="bbox 188 3783 1351 3850; baseline 0.001 -17"><span class='ocrx_word' id='word_1_396' title='bbox 188 3784 211 3833; x_wconf 85' lang='lat'>6.</span> <span class='ocrx_word' id='word_1_397' title='bbox 228 3788 379 3847; x_wconf 73' lang='lat' dir='ltr'>Inclinato,</span> <span class='ocrx_word' id='word_1_398' title='bbox 394 3785 465 3833; x_wconf 89' lang='lat' dir='ltr'>‘half</span> <span class='ocrx_word' id='word_1_399' title='bbox 473 3783 546 3834; x_wconf 81' lang='lat' dir='ltr'>won&#39;</span> <span class='ocrx_word' id='word_1_400' title='bbox 570 3785 618 3849; x_wconf 89' lang='lat' dir='ltr'>Cp.</span> <span class='ocrx_word' id='word_1_401' title='bbox 631 3785 678 3850; x_wconf 88' lang='lat' dir='ltr'>Ep.</span> <span class='ocrx_word' id='word_1_402' title='bbox 692 3797 729 3843; x_wconf 82' lang='lat'>21,</span> <span class='ocrx_word' id='word_1_403' title='bbox 811 3783 1223 3849; x_wconf 78' lang='lat' dir='ltr'>12.1s0queet1sm,‘noryer.‘</span> <span class='ocrx_word' id='word_1_404' title='bbox 1257 3785 1308 3834; x_wconf 88' lang='lat' dir='ltr'>For</span> <span class='ocrx_word' id='word_1_405' title='bbox 1320 3786 1351 3835; x_wconf 86' lang='lat' dir='ltr'>its</span> 
     </span>
     <span class='ocr_line' id='line_1_39' title="bbox 155 3848 1349 3964; baseline 0.001 -66"><span class='ocrx_word' id='word_1_406' title='bbox 155 3863 178 3912; x_wconf 79' lang='lat'>3.</span> <span class='ocrx_word' id='word_1_407' title='bbox 773 3849 840 3898; x_wconf 89' lang='lat' dir='ltr'>force</span> <span class='ocrx_word' id='word_1_408' title='bbox 851 3850 914 3899; x_wconf 83' lang='lat' dir='ltr'>after</span> <span class='ocrx_word' id='word_1_409' title='bbox 926 3848 1003 3908; x_wconf 73' lang='lat' dir='ltr'>‘nec&#39;</span> <span class='ocrx_word' id='word_1_410' title='bbox 1014 3866 1053 3964; x_wconf 58' lang='lat' dir='ltr'>cp.</span> <span class='ocrx_word' id='word_1_411' title='bbox 1066 3850 1137 3902; x_wconf 84' lang='lat' dir='ltr'>Caes.</span> <span class='ocrx_word' id='word_1_412' title='bbox 1152 3852 1214 3901; x_wconf 85' lang='lat' dir='ltr'>Bell.</span> <span class='ocrx_word' id='word_1_413' title='bbox 1229 3851 1284 3900; x_wconf 88' lang='lat' dir='ltr'>Civ.</span> <span class='ocrx_word' id='word_1_414' title='bbox 1300 3865 1349 3915; x_wconf 83' lang='lat'>1·5</span> 
     </span>
    </p>

    <p class='ocr_par' dir='ltr' id='par_1_13' title="bbox 152 3916 1351 4573">
     <span class='ocr_line' id='line_1_40' title="bbox 186 3916 1351 3981; baseline 0 -16"><span class='ocrx_word' id='word_1_415' title='bbox 186 3918 223 3965; x_wconf 85' lang='lat' dir='ltr'>In</span> <span class='ocrx_word' id='word_1_416' title='bbox 243 3951 249 3964; x_wconf 90' lang='lat'>.</span> <span class='ocrx_word' id='word_1_417' title='bbox 274 3950 280 3963; x_wconf 95' lang='lat'>.</span> <span class='ocrx_word' id='word_1_418' title='bbox 301 3919 387 3965; x_wconf 80' lang='lat' dir='ltr'>sliam</span> <span class='ocrx_word' id='word_1_419' title='bbox 409 3919 536 3966; x_wconf 83' lang='lat' dir='ltr'>inofders</span> <span class='ocrx_word' id='word_1_420' title='bbox 559 3918 730 3972; x_wconf 86' lang='lat' dir='ltr'>opinionem.</span> <span class='ocrx_word' id='word_1_421' title='bbox 773 3922 833 3964; x_wconf 78' lang='lat' dir='ltr'>‘nec</span> <span class='ocrx_word' id='word_1_422' title='bbox 850 3951 856 3965; x_wconf 88' lang='lat'>.</span> <span class='ocrx_word' id='word_1_423' title='bbox 875 3953 881 3965; x_wconf 94' lang='lat'>.</span> <span class='ocrx_word' id='word_1_424' title='bbox 900 3916 937 3965; x_wconf 83' lang='lat' dir='ltr'>sui</span> <span class='ocrx_word' id='word_1_425' title='bbox 950 3917 1032 3980; x_wconf 89' lang='lat' dir='ltr'>pericu</span> <span class='ocrx_word' id='word_1_426' title='bbox 1044 3916 1051 3964; x_wconf 92' lang='lat' dir='ltr'>i</span> <span class='ocrx_word' id='word_1_427' title='bbox 1064 3916 1210 3980; x_wconf 83' lang='lat' dir='ltr'>deprecandi</span> <span class='ocrx_word' id='word_1_428' title='bbox 1229 3952 1235 3966; x_wconf 93' lang='lat'>.</span> <span class='ocrx_word' id='word_1_429' title='bbox 1252 3932 1351 3981; x_wconf 87' lang='lat' dir='ltr'>.neqne</span> 
     </span>
     <span class='ocr_line' id='line_1_41' title="bbox 154 3980 1219 4044; baseline 0 -15"><span class='ocrx_word' id='word_1_430' title='bbox 154 3980 243 4030; x_wconf 91' lang='lat' dir='ltr'>Hofm.</span> <span class='ocrx_word' id='word_1_431' title='bbox 262 3980 379 4030; x_wconf 84' lang='lat' dir='ltr'>hesitates</span> <span class='ocrx_word' id='word_1_432' title='bbox 398 3982 507 4031; x_wconf 90' lang='lat' dir='ltr'>between</span> <span class='ocrx_word' id='word_1_433' title='bbox 528 3984 615 4031; x_wconf 89' lang='lat' dir='ltr'>‘come</span> <span class='ocrx_word' id='word_1_434' title='bbox 635 3989 662 4029; x_wconf 87' lang='lat' dir='ltr'>to</span> <span class='ocrx_word' id='word_1_435' title='bbox 682 3997 730 4044; x_wconf 83' lang='lat' dir='ltr'>any</span> <span class='ocrx_word' id='word_1_436' title='bbox 772 3981 848 4029; x_wconf 85' lang='lat' dir='ltr'>etiam</span> <span class='ocrx_word' id='word_1_437' title='bbox 860 3983 962 4030; x_wconf 85' lang='lat' dir='ltr'>extremi</span> <span class='ocrx_word' id='word_1_438' title='bbox 974 3983 1034 4030; x_wconf 87' lang='lat' dir='ltr'>iuris</span> <span class='ocrx_word' id='word_1_439' title='bbox 1046 4018 1051 4030; x_wconf 94' lang='lat'>.</span> <span class='ocrx_word' id='word_1_440' title='bbox 1065 4017 1070 4029; x_wconf 95' lang='lat'>.</span> <span class='ocrx_word' id='word_1_441' title='bbox 1083 3982 1219 4031; x_wconf 67' lang='lat' dir='ltr'>retinendi!</span> 
     </span>
     <span class='ocr_line' id='line_1_42' title="bbox 153 4046 1349 4112; baseline 0.001 -17"><span class='ocrx_word' id='word_1_442' title='bbox 153 4047 224 4095; x_wconf 89' lang='lat' dir='ltr'>other</span> <span class='ocrx_word' id='word_1_443' title='bbox 235 4046 354 4110; x_wconf 86' lang='lat' dir='ltr'>opinion’</span> <span class='ocrx_word' id='word_1_444' title='bbox 369 4048 419 4096; x_wconf 88' lang='lat' dir='ltr'>and</span> <span class='ocrx_word' id='word_1_445' title='bbox 434 4051 513 4096; x_wconf 88' lang='lat' dir='ltr'>‘meet</span> <span class='ocrx_word' id='word_1_446' title='bbox 526 4047 587 4096; x_wconf 92' lang='lat' dir='ltr'>with</span> <span class='ocrx_word' id='word_1_447' title='bbox 600 4062 648 4111; x_wconf 81' lang='lat' dir='ltr'>any</span> <span class='ocrx_word' id='word_1_448' title='bbox 660 4046 731 4096; x_wconf 87' lang='lat' dir='ltr'>other</span> <span class='ocrx_word' id='word_1_449' title='bbox 806 4048 917 4104; x_wconf 69' lang='lat' dir='ltr'>Regum</span> <span class='ocrx_word' id='word_1_450' title='bbox 933 4062 966 4096; x_wconf 79' lang='lat' dir='ltr'>so</span> <span class='ocrx_word' id='word_1_451' title='bbox 983 4051 1131 4097; x_wconf 79' lang='lat' dir='ltr'>net-ionum</span> <span class='ocrx_word' id='word_1_452' title='bbox 1148 4050 1298 4102; x_wconf 83' lang='lat' dir='ltr'>clientelis,</span> <span class='ocrx_word' id='word_1_453' title='bbox 1310 4062 1349 4112; x_wconf 92' lang='lat' dir='ltr'>cp.</span> 
     </span>
     <span class='ocr_line' id='line_1_43' title="bbox 153 4111 1349 4177; baseline 0 -17"><span class='ocrx_word' id='word_1_454' title='bbox 153 4111 308 4176; x_wconf 79' lang='lat' dir='ltr'>reputation’</span> <span class='ocrx_word' id='word_1_455' title='bbox 332 4112 417 4176; x_wconf 88' lang='lat' dir='ltr'>Siipfle</span> <span class='ocrx_word' id='word_1_456' title='bbox 428 4113 519 4177; x_wconf 76' lang='lat' dir='ltr'>adopts</span> <span class='ocrx_word' id='word_1_457' title='bbox 529 4114 571 4163; x_wconf 91' lang='lat' dir='ltr'>the</span> <span class='ocrx_word' id='word_1_458' title='bbox 582 4113 637 4168; x_wconf 89' lang='lat' dir='ltr'>last,</span> <span class='ocrx_word' id='word_1_459' title='bbox 648 4112 730 4162; x_wconf 89' lang='lat' dir='ltr'>which</span> <span class='ocrx_word' id='word_1_460' title='bbox 773 4112 909 4176; x_wconf 81' lang='lat' dir='ltr'>Appendix</span> <span class='ocrx_word' id='word_1_461' title='bbox 933 4124 956 4176; x_wconf 79' lang='lat'>7,</span> <span class='ocrx_word' id='word_1_462' title='bbox 982 4113 1032 4162; x_wconf 82' lang='lat' dir='ltr'>and</span> <span class='ocrx_word' id='word_1_463' title='bbox 1059 4113 1131 4162; x_wconf 84' lang='lat' dir='ltr'>Caes.</span> <span class='ocrx_word' id='word_1_464' title='bbox 1155 4112 1218 4163; x_wconf 75' lang='lat' dir='ltr'>Bell</span> <span class='ocrx_word' id='word_1_465' title='bbox 1243 4112 1298 4161; x_wconf 79' lang='lat' dir='ltr'>Cir.</span> <span class='ocrx_word' id='word_1_466' title='bbox 1326 4125 1349 4173; x_wconf 81' lang='lat'>3.</span> 
     </span>
     <span class='ocr_line' id='line_1_44' title="bbox 153 4177 829 4242; baseline 0.001 -16"><span class='ocrx_word' id='word_1_467' title='bbox 153 4179 174 4226; x_wconf 88' lang='lat' dir='ltr'>is</span> <span class='ocrx_word' id='word_1_468' title='bbox 186 4177 321 4242; x_wconf 88' lang='lat' dir='ltr'>supported</span> <span class='ocrx_word' id='word_1_469' title='bbox 333 4179 366 4241; x_wconf 84' lang='lat' dir='ltr'>by</span> <span class='ocrx_word' id='word_1_470' title='bbox 378 4180 419 4227; x_wconf 86' lang='lat' dir='ltr'>Ad</span> <span class='ocrx_word' id='word_1_471' title='bbox 431 4179 502 4228; x_wconf 80' lang='lat' dir='ltr'>Fam.</span> <span class='ocrx_word' id='word_1_472' title='bbox 515 4179 537 4227; x_wconf 91' lang='lat'>8.</span> <span class='ocrx_word' id='word_1_473' title='bbox 552 4192 590 4239; x_wconf 78' lang='grc' dir='ltr'>ιο,</span> <span class='ocrx_word' id='word_1_474' title='bbox 602 4192 615 4227; x_wconf 78' lang='lat' dir='ltr'>a</span> <span class='ocrx_word' id='word_1_475' title='bbox 630 4179 730 4227; x_wconf 84' lang='lat' dir='ltr'>‘ineam</span> <span class='ocrx_word' id='word_1_476' title='bbox 773 4191 829 4240; x_wconf 78' lang='lat'>3-4.</span> 
     </span>
     <span class='ocr_line' id='line_1_45' title="bbox 154 4241 1350 4307; baseline 0.002 -15"><span class='ocrx_word' id='word_1_477' title='bbox 154 4244 298 4307; x_wconf 90' lang='lat' dir='ltr'>opinionem</span> <span class='ocrx_word' id='word_1_478' title='bbox 318 4244 419 4294; x_wconf 77' lang='lat' dir='ltr'>Cassius</span> <span class='ocrx_word' id='word_1_479' title='bbox 436 4244 550 4295; x_wconf 83' lang='lat' dir='ltr'>veniebat</span> <span class='ocrx_word' id='word_1_480' title='bbox 574 4282 580 4294; x_wconf 94' lang='lat'>.</span> <span class='ocrx_word' id='word_1_481' title='bbox 603 4281 609 4293; x_wconf 92' lang='lat'>.</span> <span class='ocrx_word' id='word_1_482' title='bbox 631 4243 730 4293; x_wconf 82' lang='lat' dir='ltr'>tinxisse</span> <span class='ocrx_word' id='word_1_483' title='bbox 808 4256 845 4305; x_wconf 79' lang='lat'>13.</span> <span class='ocrx_word' id='word_1_484' title='bbox 864 4246 1021 4300; x_wconf 81' lang='lat' dir='ltr'>Ostentare.</span> <span class='ocrx_word' id='word_1_485' title='bbox 1034 4248 1076 4293; x_wconf 86' lang='lat' dir='ltr'>‘to</span> <span class='ocrx_word' id='word_1_486' title='bbox 1087 4243 1160 4293; x_wconf 83' lang='lat' dir='ltr'>boast</span> <span class='ocrx_word' id='word_1_487' title='bbox 1172 4241 1214 4292; x_wconf 66' lang='grc' dir='ltr'>οἱ,ι</span> <span class='ocrx_word' id='word_1_488' title='bbox 1243 4242 1350 4294; x_wconf 86' lang='lat' dir='ltr'>Forcell.</span> 
     </span>
     <span class='ocr_line' id='line_1_46' title="bbox 154 4307 1350 4374; baseline 0.002 -18"><span class='ocrx_word' id='word_1_489' title='bbox 154 4307 266 4358; x_wconf 68' lang='lat' dir='ltr'>bellum!</span> <span class='ocrx_word' id='word_1_490' title='bbox 306 4309 421 4359; x_wconf 89' lang='lat' dir='ltr'>Wesenb.</span> <span class='ocrx_word' id='word_1_491' title='bbox 447 4325 532 4373; x_wconf 76' lang='lat' dir='ltr'>agrees</span> <span class='ocrx_word' id='word_1_492' title='bbox 553 4309 614 4359; x_wconf 86' lang='lat' dir='ltr'>with</span> <span class='ocrx_word' id='word_1_493' title='bbox 637 4309 729 4374; x_wconf 84' lang='lat' dir='ltr'>Stiplle,</span> <span class='ocrx_word' id='word_1_494' title='bbox 806 4313 907 4367; x_wconf 79' lang='lat' dir='ltr'>Neque</span> <span class='ocrx_word' id='word_1_495' title='bbox 924 4345 930 4358; x_wconf 91' lang='lat'>.</span> <span class='ocrx_word' id='word_1_496' title='bbox 949 4345 955 4358; x_wconf 95' lang='lat'>.</span> <span class='ocrx_word' id='word_1_497' title='bbox 973 4324 1034 4360; x_wconf 82' lang='lat' dir='ltr'>osse</span> <span class='ocrx_word' id='word_1_498' title='bbox 1051 4314 1154 4367; x_wconf 83' lang='lat' dir='ltr'>tutum,</span> <span class='ocrx_word' id='word_1_499' title='bbox 1171 4307 1350 4358; x_wconf 83' lang='lat' dir='ltr'>‘cannotloolr</span> 
     </span>
     <span class='ocr_line' id='line_1_47' title="bbox 154 4373 1350 4461; baseline 0 -38"><span class='ocrx_word' id='word_1_500' title='bbox 154 4375 203 4423; x_wconf 90' lang='lat' dir='ltr'>and</span> <span class='ocrx_word' id='word_1_501' title='bbox 223 4374 309 4425; x_wconf 87' lang='lat' dir='ltr'>makes</span> <span class='ocrx_word' id='word_1_502' title='bbox 326 4375 369 4425; x_wconf 87' lang='lat' dir='ltr'>the</span> <span class='ocrx_word' id='word_1_503' title='bbox 385 4375 541 4425; x_wconf 84' lang='lat' dir='ltr'>words=‘in</span> <span class='ocrx_word' id='word_1_504' title='bbox 558 4376 636 4425; x_wconf 79' lang='lat' dir='ltr'>ullam</span> <span class='ocrx_word' id='word_1_505' title='bbox 654 4375 729 4424; x_wconf 78' lang='lat' dir='ltr'>sliam</span> <span class='ocrx_word' id='word_1_506' title='bbox 774 4374 812 4423; x_wconf 89' lang='lat' dir='ltr'>for</span> <span class='ocrx_word' id='word_1_507' title='bbox 831 4377 909 4438; x_wconf 78' lang='lat' dir='ltr'>sal‘ety</span> <span class='ocrx_word' id='word_1_508' title='bbox 930 4373 973 4423; x_wconf 85' lang='lat' dir='ltr'>to.’</span> <span class='ocrx_word' id='word_1_509' title='bbox 1007 4375 1054 4461; x_wconf 73' lang='lat' dir='ltr'>Cp.</span> <span class='ocrx_word' id='word_1_510' title='bbox 1078 4375 1118 4425; x_wconf 93' lang='lat' dir='ltr'>De</span> <span class='ocrx_word' id='word_1_511' title='bbox 1140 4375 1214 4424; x_wconf 84' lang='lat' dir='ltr'>Dom</span> <span class='ocrx_word' id='word_1_512' title='bbox 1239 4388 1279 4437; x_wconf 80' lang='lat'>42,</span> <span class='ocrx_word' id='word_1_513' title='bbox 1304 4388 1350 4439; x_wconf 83' lang='lat'>109</span> 
     </span>
     <span class='ocr_line' id='line_1_48' title="bbox 152 4439 1350 4573; baseline 0.002 -18"><span class='ocrx_word' id='word_1_514' title='bbox 152 4440 318 4557; x_wconf 48' lang='lat' dir='ltr'>iiliiiliisfflride</span> <span class='ocrx_word' id='word_1_515' title='bbox 326 4439 482 4572; x_wconf 57' lang='lat' dir='ltr'>liiihvgiriiii</span> <span class='ocrx_word' id='word_1_516' title='bbox 500 4441 731 4558; x_wconf 49' lang='lat' dir='ltr'>ffissffiffiffi</span> <span class='ocrx_word' id='word_1_517' title='bbox 774 4440 1052 4573; x_wconf 48' lang='lat' dir='ltr'>‘riligioimtsiisiussor</span> <span class='ocrx_word' id='word_1_518' title='bbox 1059 4503 1102 4556; x_wconf 86' lang='lat' dir='ltr'>the</span> <span class='ocrx_word' id='word_1_519' title='bbox 1110 4505 1267 4556; x_wconf 83' lang='lat' dir='ltr'>omissionof</span> <span class='ocrx_word' id='word_1_520' title='bbox 1271 4522 1350 4571; x_wconf 84' lang='lat' dir='ltr'>spre-</span> 
     </span>
    </p>

    <p class='ocr_par' dir='ltr' id='par_1_14' title="bbox 484 4542 847 4569">
     <span class='ocr_line' id='line_1_49' title="bbox 484 4542 847 4569; baseline 0 -14"><span class='ocrx_word' id='word_1_521' title='bbox 484 4544 491 4569; x_wconf 94' lang='lat'>,</span> <span class='ocrx_word' id='word_1_522' title='bbox 840 4542 847 4555; x_wconf 95' lang='lat'>.</span> 
     </span>
    </p>
   </div>
   <div class='ocr_carea' id='block_1_7' title="bbox 0 0 1523 5542">
    <p class='ocr_par' dir='ltr' id='par_1_15' title="bbox 0 0 1523 5542">
     <span class='ocr_line' id='line_1_50' title="bbox 0 0 1523 5542; baseline 0 0"><span class='ocrx_word' id='word_1_523' title='bbox 0 0 1523 5542; x_wconf 95' lang='lat' dir='ltr'> </span> 
     </span>
    </p>
   </div>
  </div>
 </body>
</html>
