3030 5542
186 828 250 912 37⁶
536 827 587 890 M.
613 828 774 888 TULLII
796 828 1051 891 CICERONIS
1223 819 1320 913 [rear
1335 843 1391 888 111.

186 1001 275 1083 ipsis,
306 1021 392 1082 quae
414 1011 450 1062 tu
475 1020 529 1062 me
552 1019 667 1063 mones
689 1008 727 1063 ut
749 1019 895 1076 caveam,
922 999 1146 1063 redemissem.
1192 997 1277 1061 Filio
1302 1011 1419 1073 meo,e

187 1124 285 1186 quem
301 1105 362 1168 tibi
379 1124 491 1167 carum
504 1125 574 1168 esse
582 1104 723 1185 gaudeo,
735 1105 763 1168 si
779 1105 841 1167 erit
853 1104 920 1167 ulla
932 1125 984 1167 res
995 1104 1136 1187 publica,
1146 1104 1227 1167 satis
1235 1101 1388 1185 amplum

186 1210 422 1291 patrimonium
438 1208 620 1291 relinquam
638 1209 831 1272 memoriam
850 1209 992 1272 nominis
1009 1209 1093 1286 mei;
1117 1208 1144 1271 si
1166 1217 1280 1271 autem
1296 1206 1389 1270 nulla

187 1314 257 1387 erit,
281 1312 361 1374 nihil
385 1313 512 1377 accidet
536 1313 565 1376 ei
589 1313 767 1393 separatim
791 1334 811 1376 a
834 1312 967 1394 reliquis
995 1313 1132 1376 civibus.
1178 1312 1267 1375 Nam
1294 1311 1387 1393 quod

157 1437 285 1498 stogas
301 1426 336 1479 ut
353 1417 526 1499 respiciam
542 1437 700 1498 generum
717 1437 840 1495 meum,
851 1417 1094 1481 adulescentem
1108 1416 1272 1497 optimum
1289 1414 1388 1478 mihi·

185 1541 250 1604 que
268 1521 481 1594 carissimum,
499 1541 541 1583 an
557 1522 700 1593 dubitas,
716 1521 771 1602 qui
787 1521 879 1597 scias,
891 1522 1005 1603 quanti
1022 1541 1097 1584 cum
1110 1520 1202 1583 illum
1217 1530 1290 1583 tum
1306 1540 1388 1582 vero

186 1625 333 1688 Tulliam
350 1644 458 1688 meam
472 1624 601 1700 faciam,
611 1626 689 1707 quin
702 1644 741 1687 ea
754 1645 808 1688 me
819 1645 896 1688 cura
908 1624 1196 1689 vehementissime
1207 1623 1387 1688 sollicitet?

186 1738 219 1791 et
239 1749 279 1792 eo
295 1730 410 1811 magis,
419 1730 507 1811 quod
526 1730 558 1791 in
574 1729 806 1792 communibus
822 1729 961 1792 miseriis
980 1728 1041 1792 hac
1064 1740 1176 1793 tamen
1193 1727 1388 1791 oblectabar

185 1831 327 1916 specula,
342 1831 552 1896 Dolabellam
563 1853 674 1896 meum
686 1831 738 1895 vel
750 1833 861 1915 potius
871 1842 1020 1896 nostrum
1033 1833 1101 1897 sore
1110 1833 1153 1895 ab
1166 1833 1206 1895 iis
1217 1831 1387 1910 molestiis,

141 1957 173 1994 ιο
186 1957 270 2018 quas
286 1937 481 2000 liberalitate
496 1957 556 2000 sua
571 1948 794 2014 contraxerat,
807 1937 955 2001 liberum.
1001 1935 1113 1999 Velim
1137 1956 1285 2018 quaeras,
1301 1955 1387 2017 quos

185 2039 240 2104 ille
260 2042 331 2105 dies
350 2042 550 2117 sustinuerit,
566 2042 599 2104 in
622 2042 703 2105 urbe
725 2043 805 2105 dum
829 2039 900 2117 fuit,
915 2060 1015 2122 quam
1038 2040 1174 2104 acerbos
1198 2039 1268 2117 sibi,
1284 2059 1387 2121 quam

186 2144 342 2227 mihiipsi
359 2165 472 2209 socero
492 2165 558 2208 non
579 2146 744 2210 honestos.
792 2146 909 2228 Itaque
933 2165 1039 2227 neque
1061 2165 1124 2226 ego
1148 2144 1235 2207 hunc
1260 2143 1417 2226 Hispa-o

185 2250 331 2312 niensem
346 2268 459 2312 casum
476 2260 644 2332 exspect0,
660 2251 785 2332 dequo
801 2248 881 2311 mihi
897 2249 1107 2330 exploratum
1124 2258 1173 2311 est
1189 2249 1235 2311 ita
1250 2267 1332 2324 esse,
1348 2257 1387 2310 ut

184 2363 221 2416 tu
237 2353 360 2427 scribis,
375 2373 483 2433 neque
498 2353 675 2433 quicquam
691 2363 801 2417 astute
816 2353 946 2435 cogito:
970 2352 996 2415 si
1020 2352 1152 2434 quando
1174 2352 1237 2415 erit
1260 2353 1388 2429 civitas,

140 2482 171 2535 ¹5
185 2457 246 2519 erit
263 2454 410 2537 profecto
427 2457 522 2521 nobis
537 2456 650 2536 locus;
673 2458 723 2520 sin
746 2467 858 2521 autem
882 2477 947 2520 non
970 2457 1041 2533 erit,
1056 2458 1089 2519 in
1113 2457 1246 2520 easdem
1269 2455 1387 2520 solitu·

186 2561 279 2624 dines
296 2569 331 2622 tu
349 2561 427 2642 ipse,
437 2570 475 2624 ut
492 2561 640 2636 arbitror,
652 2562 772 2638 venies,
789 2563 822 2624 in
845 2561 967 2643 quibus
982 2580 1043 2624 nos
1057 2560 1243 2625 consedisse
1258 2560 1385 2624 audies.

187 2663 254 2729 Sed
265 2684 329 2745 ego
339 2662 479 2728 sortasse
487 2667 646 2729 vaticinor
655 2677 689 2730 et
697 2666 778 2729 haec
788 2666 900 2729 omnia
911 2664 1064 2728 meliores
1073 2664 1244 2728 habebunt
1256 2665 1386 2728 exitus:

186 2770 340 2832 recordor
356 2768 443 2831 enim
459 2769 706 2851 desperationes
722 2790 845 2845 eorum,
861 2770 917 2851 qui
941 2788 1037 2832 senes
1060 2777 1153 2832 erant
1172 2768 1387 2832 adulescente

186 2891 261 2950 me;
285 2892 342 2935 eos
364 2893 428 2954 ego
449 2871 588 2937 fortasse
610 2894 694 2938 nunc
718 2875 828 2937 imitor
852 2884 885 2935 et
908 2883 983 2936 utor
1005 2873 1124 2936 aetatis
1139 2873 1229 2936 vitiu.
1274 2873 1417 2936 Velimr

140 3001 172 3036 ιο
186 2977 232 3039 ita
247 2977 298 3040 sit.
345 2974 413 3040 Sed
430 2982 563 3040 tamenl
581 3024 588 3038 .
606 3025 613 3039 .
634 3025 641 3040 .
657 2987 769 3060 togam
787 2986 995 3060 praetextam
1019 2977 1090 3044 texi
1115 2976 1227 3059 Oppio
1249 2988 1332 3061 puto
1352 2987 1388 3042 te

220 3149 242 3184 2.
261 3139 292 3184 ei
312 3138 368 3184 erit
385 3139 445 3185 nlla
461 3152 505 3184 rea
523 3139 645 3196 publiea,
664 3136 701 3185 ‘if
714 3152 762 3201 any
841 3139 920 3191 Quos
933 3173 939 3185 .
954 3172 959 3183 .
972 3138 1041 3194 dies,
1054 3134 1115 3189 soll..
1126 3135 1210 3184 ‘what
1222 3135 1282 3199 days
1295 3135 1388 3185 hesni·

185 3201 372 3250 constitutioual
384 3213 543 3265 govemment
556 3202 620 3250 shall
632 3201 711 3252 exist!
808 3200 890 3250 iered'
903 3202 966 3249 lrorn
977 3201 1019 3250 the
1037 3202 1199 3264 importunity
1211 3203 1239 3249 oi
1253 3201 1292 3250 his
1309 3203 1388 3251 credi·

218 3270 295 3316 satra
318 3271 442 3324 amplum
464 3271 675 3324 patrimonium.
721 3267 762 3317 On
809 3274 899 3316 tora—⁸
907 3267 960 3315 dies
971 3282 1017 3331 pro
1028 3268 1089 3316 actis
1100 3265 1166 3315 diei!
1200 3267 1248 3330 Cp.
1261 3266 1368 3316 Forcell.

183 3333 226 3382 the
244 3349 324 3382 aocua.
343 3334 368 3381 in
389 3333 539 3398 appositi0n‚
559 3350 597 3397 cp.
615 3334 662 3397 Ep.
680 3347 721 3396 33,
740 3347 762 3390 a,
844 3347 880 3380 η.
898 3335 1155 3382 Mihi..honestee
1174 3330 1389 3446 Cicero'sreffta-

182 3405 248 3448 note.
809 3398 862 3447 tion
885 3398 968 3446 would
995 3398 1069 3447 suffer
1090 3397 1130 3446 lor
1157 3398 1196 3448 his
1223 3399 1316 3447 son-in·
1344 3397 1389 3449 w's

215 3482 239 3527 4.
257 3467 348 3513 Nam:
365 3480 404 3528 cp.
417 3465 463 3528 Ep.
476 3480 500 3528 9,
512 3465 535 3524 8,
546 3472 612 3514 note.
807 3471 992 3528 extravagauce.

217 3529 241 3578 6.
260 3528 761 3580 Andubitas=‘dubitarenoudebcs:'
841 3533 964 3587 Neque.
984 3565 990 3578 .
1008 3536 1150 3589 exspecto,
1175 3528 1204 3576 ‘I
1226 3544 1268 3578 am
1292 3527 1389 3579 neither

183 3612 221 3661 ep.
234 3594 280 3658 Ep.
293 3594 332 3654 67,
348 3604 446 3654 1,uote.
808 3595 911 3682 waiting
930 3597 968 3644 ior
986 3595 1028 3645 the
1050 3595 1113 3644 issue
1138 3595 1166 3644 oi
1185 3594 1227 3644 the
1247 3604 1343 3645 contest
1360 3595 1389 3643 in

217 3663 289 3709 num
301 3676 383 3709 vero:
401 3677 441 3725 cp.
450 3660 496 3723 Ep.
511 3659 548 3714 26,
561 3675 584 3721 3,
596 3668 662 3709 note.
807 3660 892 3725 Spain.

216 3736 238 3788 7.
256 3729 314 3774 Ea.
329 3726 760 3788 .oura‘anxietyonhisaccount!
844 3739 880 3787 13.
899 3730 987 3777 casua
1001 3724 1159 3775 =‘eventus.'
1194 3726 1300 3776 Forcell.
1338 3725 1387 3789 Cp.

183 3793 230 3855 Cp.
243 3790 289 3840 ‘iis
300 3790 422 3841 consiliis’
435 3792 481 3855 Ep.
490 3805 528 3852 33,
539 3805 561 3851 a,
573 3802 638 3842 note.
675 3793 760 3843 Madv.
807 3791 868 3841 Tac.
877 3793 941 3841 Anu.
956 3792 979 3841 6.
991 3808 1024 3854 44
1033 3796 1040 3818 ⁴
1049 3793 1138 3855 quibus
1149 3792 1270 3855 proelium
1282 3799 1306 3841 et
1319 3793 1389 3841 festi·

182 3870 239 3918 314.
806 3858 858 3907 nati
871 3873 941 3906 casus
953 3856 1100 3922 placebant!

216 3925 239 3971 8.
257 3925 319 3972 Hau
337 3957 343 3970 .
362 3959 368 3971 .
386 3924 507 3981 apecula,
522 3921 586 3971 ‘this
601 3923 668 3972 little
679 3923 761 3988 hope!
840 3927 882 3971 De
899 3938 956 3980 qno
968 3960 974 3972 .
986 3960 992 3970 .
1004 3927 1113 3983 acribia,
1127 3926 1168 3972 ‘as
1183 3931 1210 3973 to
1226 3923 1308 3974 which
1319 3923 1333 3972 1
1344 3940 1388 3974 am

183 3989 236 4037 Not
254 3988 308 4036 that
326 3987 368 4037 the
386 3988 452 4051 hope
471 3987 540 4037 itseli
555 4004 606 4037 was
625 3990 703 4048 wealr,
718 3992 761 4040 but
807 4003 863 4038 anre
874 3990 916 4039 the
928 4005 982 4038 case
994 3990 1015 4036 is
1027 4005 1111 4052 asyou
1123 3986 1207 4039 write.'
1231 3989 1279 4054 Cp.
1289 3989 1337 4056 Ep.
1345 3988 1388 4055 69,

182 4055 237 4102 that
254 4054 286 4101 ita
298 4053 425 4102 iultilment
439 4054 523 4102 would
536 4055 564 4103 he
581 4072 597 4104 a
615 4071 678 4120 poor
694 4072 761 4105 com·
809 4069 831 4117 3.
844 4055 882 4104 ior
893 4055 1001 4103 Caelius'
1014 4055 1115 4120 opinon.

216 4120 312 4167 nsation
335 4119 374 4167 sor
396 4118 482 4183 public
504 4120 626 4170 disasters.
670 4122 758 4172 Hoim.
842 4134 879 4183 14.
897 4123 1015 4178 Neque.
1029 4124 1222 4180 .eogito,‘uor
1237 4120 1272 4169 do
1284 4121 1296 4169 1
1308 4129 1388 4169 enter·

224 4200 238 4233 e
260 4185 328 4233 word
350 4201 436 4234 occurs
464 4186 512 4234 Pro
535 4185 633 4235 Cluent.
658 4185 697 4246 26,
721 4199 760 4251 72.
807 4187 859 4235 tain
879 4202 927 4249 any
945 4185 1019 4234 artlul
1040 4183 1116 4250 plan,'
1135 4202 1185 4250 eg.
1205 4185 1234 4234 oi
1248 4186 1330 4252 ruling
1348 4187 1389 4236 hia

183 4254 289 4299 'remen
306 4251 468 4314 corresponds
479 4261 505 4300 to
516 4269 531 4301 a
543 4253 645 4315 particle
657 4253 760 4317 implied
807 4252 914 4301 conduct
926 4251 1058 4315 according
1070 4260 1097 4300 to
1109 4252 1210 4301 fortune.

181 4317 206 4364 in
218 4315 261 4365 the
270 4317 352 4365 worda
361 4321 406 4365 ‘in
417 4321 612 4367 communibus
623 4319 760 4368 miseriis!
840 4320 947 4366 civitae
954 4340 975 4357 =
983 4322 1031 4366 ‘res
1039 4316 1153 4381 publica)
1167 4319 1187 4367 F
1189 4334 1217 4366 or
1223 4317 1264 4367 the
1271 4318 1387 4382 thought,

182 4381 229 4447 Cp.
243 4381 289 4444 Ep.
304 4397 341 4446 29,
357 4397 395 4437 21,
407 4391 471 4432 note.
808 4397 847 4448 cp.
863 4388 875 4441 5
889 4397 911 4444 5.

215 4463 239 4511 9.
257 4451 406 4508 Moleetlia,
419 4450 460 4497 ie.
480 4449 534 4498 'his
552 4451 685 4514 pecuniary
696 4459 760 4500 trou·
843 4460 880 4511 17.
892 4446 1221 4508 Vaticin0r‚‘rave,’‘utter
1226 4448 1276 4497 idle
1282 4449 1389 4514 prophe·

181 4511 249 4563 bles..¹
273 4515 362 4563 Cicero
370 4515 489 4579 probably
498 4516 580 4579 hoped
589 4516 762 4566 thatCaesar's
808 4513 872 4563 cies.¹
907 4515 954 4578 Cp.
967 4515 1015 4562 Pro
1034 4514 1095 4563 Scat.
1111 4528 1148 4573 10,
1162 4527 1201 4574 23,
1214 4515 1388 4565 where‘vati·

181 4579 240 4642 help
249 4580 332 4628 would
344 4580 433 4629 enable
442 4581 577 4630 Dolabella
588 4589 616 4630 to
627 4583 711 4645 sausiy
723 4582 762 4630 his
807 4577 898 4630 cinari’
909 4580 959 4628 and
971 4584 978 4606 ‘
988 4577 1108 4630 insanire’
1120 4596 1161 4629 are
1174 4580 1287 4643 coupled.

181 4646 306 4695 creditore.
342 4646 389 4710 Cp.
410 4647 457 4695 Mr.
479 4646 588 4710 Yonge's
610 4656 674 4698 note.
711 4648 761 4697 For
843 4647 1126 4703 remunerationes.
1160 4646 1318 4711 Apparently
1327 4645 1390 4711 only

181 4727 213 4760 an
241 4720 347 4760 account
371 4711 400 4760 ol
420 4712 576 4762 Dolabella’s
605 4714 700 4762 attacks
727 4729 760 4763 on
807 4710 865 4761 here
877 4712 935 4760 used
948 4713 972 4759 in
986 4712 1028 4760 the
1040 4711 1129 4775 plural.

181 4776 268 4891 public
286 4777 361 4826 credit
379 4787 405 4827 at
422 4794 437 4826 a
455 4779 517 4827 later
528 4779 596 4838 time,
609 4794 649 4828 see
661 4779 720 4829 lntr.
733 4786 760 4828 to
842 4792 880 4841 ¹9·
898 4781 970 4826 Utor
988 4781 1089 4827 aetatis
1106 4781 1189 4838 vitio,
1209 4777 1328 4843 ‘indulge
1345 4779 1388 4829 the

193 4845 238 4890 'art
251 4842 296 4900 1v,
312 4848 324 4901 5
338 4857 359 4905 5.
806 4843 933 4894 weakness
944 4843 973 4892 ol
979 4859 1022 4908 my
1033 4844 1096 4907 age'

216 4921 253 4955 ιο.
272 4912 464 4958 Liberalitate.
499 4911 523 4956 A
540 4908 646 4972 friendly
662 4925 759 4974 expres·
841 4923 878 4958 πο.
898 4912 955 4957 Sed
964 4908 1387 4974 tamena‘butyetlcannotsup·

181 4973 235 5023 sion
246 4975 285 5023 ior
297 4974 453 5024 Dolabella’s
464 4983 649 5038 extravagance.
805 4991 874 5040 prese
884 4990 927 5039 my
938 4974 1052 5039 anxiety!
1087 4975 1202 5026 Wesenb.
1211 4975 1257 5024 has
1270 4976 1316 5026 ‘sit
1323 4991 1331 5037 ;
1343 4975 1388 5026 sed
