3030 5542
207 411 269 456 210
548 392 597 450 M.
626 389 788 448 TCLLII
811 386 1067 449 CICERONIS
1261 385 1354 467 [rsus
1369 401 1406 446 11.

205 563 367 646 potuisset
386 561 418 625 in
436 582 597 625 consensu
613 561 787 637 bonorum,
798 559 826 624 si
843 558 882 622 iis
897 578 957 642 pro
972 578 1026 621 me
1041 566 1151 622 stante
1165 577 1313 640 pugnare
1328 555 1408 620 licu-

206 668 292 745 isset,
302 687 377 731 cum
386 665 557 730 adflictum
569 666 716 729 excitare
731 665 917 747 potuissent
928 685 937 737 ;
959 683 1100 745 quorum
1112 661 1248 745 quidem
1259 662 1407 725 animum

204 782 241 835 tu
258 792 324 834 non
340 770 538 854 perspexisti
549 768 665 847 solum,
677 789 753 832 cum
769 769 811 832 de
820 787 874 831 me
883 787 1008 850 ageres,
1019 767 1079 831 sed
1094 768 1195 832 etiam
1207 766 1409 831 confirmasti

205 884 306 957 atque
322 874 466 938 tenuisti.
512 873 589 957 Qua
608 874 641 937 in
656 891 865 937 causa—non
880 873 984 935 modo
999 892 1065 934 non
1080 872 1219 955 negabo,
1231 873 1290 936 sed
1308 871 1408 935 etiam
1422 889 1457 934 14

177 999 337 1061 5semper
353 986 386 1042 et
405 978 584 1042 meminero
605 986 642 1041 et
660 975 861 1060 praedicabo
879 974 1140 1039 libenter-usus
1158 995 1193 1038 es
1208 975 1408 1058 quibusdam

206 1082 419 1150 nobilissimis
431 1081 621 1145 hominibus
629 1079 818 1144 fortioribus
829 1080 862 1142 in
875 1100 929 1143 me
944 1080 1155 1156 restituendo,
1167 1099 1268 1161 quam
1280 1078 1410 1143 fuerant

207 1189 294 1253 idem
318 1186 351 1248 in
374 1187 540 1261 tenendo;
561 1205 628 1269 qua
651 1184 684 1247 in
706 1183 871 1248 sententia
891 1183 919 1246 si
941 1191 1092 1247 constare
1110 1182 1300 1260 voluissent,
1315 1201 1409 1247 suam

206 1291 441 1356 auctoritatem
464 1288 563 1352 simul
595 1308 670 1352 cum
700 1287 806 1352 salute
829 1308 903 1351 mea
925 1293 1182 1368 recuperassent„
1239 1287 1410 1351 Recreatis

208 1396 296 1459 enim
315 1394 411 1457 bonis
428 1392 506 1456 viris
529 1392 701 1456 consulatu
722 1401 782 1455 tuo
804 1400 838 1454 et
858 1390 1133 1454 constantissimis
1155 1400 1256 1473 atque
1276 1391 1410 1475 optimis

165 1523 196 1559 ιο
208 1497 394 1563 actionibus
416 1497 481 1560 tuis
497 1495 661 1573 excitatis,
677 1494 737 1559 Cn.
756 1494 914 1576 Pompeio
929 1493 1121 1577 praesertim
1136 1494 1179 1557 ad
1199 1515 1331 1558 causam
1352 1496 1411 1558 ad-

209 1603 331 1678 iuncto,
355 1620 430 1663 cum
461 1600 562 1663 etiam
594 1597 718 1663 Caesar
747 1600 846 1662 rebus
875 1597 1032 1662 maximis
1061 1598 1163 1679 gestis
1192 1597 1409 1681 singularibus

209 1715 346 1771 ornatus
361 1714 394 1768 et
411 1703 504 1768 novis
516 1703 743 1767 honoribusac
755 1702 883 1766 iudiciis
894 1711 1028 1765 senatus
1038 1702 1081 1764 ad
1098 1702 1325 1766 auctoritatem
1337 1701 1407 1764 eius

210 1809 333 1873 ordinis
355 1808 599 1889 adiungeretur,
617 1804 697 1868 nulli
721 1806 873 1889 improbo
895 1805 958 1869 civi
980 1804 1072 1869 locus
1090 1806 1133 1869 ad
1156 1824 1223 1868 rem
1240 1803 1406 1887 publicam

143 1964 147 1971 .
209 1912 399 1976 violandam
414 1931 485 1974 esse
500 1910 674 1993 potuisset.
720 1909 789 1975 Sed
804 1910 949 1983 attende,
960 1930 1094 1992 quaeso,
1108 1929 1192 1992 quae
1211 1906 1275 1972 sint
1291 1927 1408 1972 conse·
1421 1927 1455 1972 rs

167 2039 197 2089 15
211 2025 305 2082 cuta:
329 2016 472 2098 primum
499 2013 554 2076 illa
577 2012 661 2078 iuria
683 2013 894 2077 muliebrium
918 2014 1120 2095 religionum,
1140 2012 1197 2095 qui
1223 2032 1289 2075 non
1307 2012 1410 2093 pluris

211 2119 334 2185 iecerat
349 2119 477 2182 Bonam
493 2117 591 2181 deam
607 2139 706 2200 quam
722 2128 790 2183 tres
805 2138 942 2195 sorores,
958 2118 1192 2201 impunitatem
1207 2126 1258 2181 est
1280 2116 1410 2181 illorum

212 2223 380 2288 sententiis
395 2223 578 2295 adsecutus,
594 2222 659 2303 qui,
675 2242 750 2286 cum
766 2223 918 2286 tribunus
937 2220 981 2304 pl.
998 2241 1121 2305 poenas
1138 2240 1158 2285 a
1176 2221 1334 2285 seditioso
1349 2221 1411 2287 civi

212 2348 271 2411 per
281 2327 388 2390 bonos
396 2327 483 2390 viros
498 2326 619 2390 iudicio
630 2327 781 2411 persequi
793 2324 901 2402 vellet,
912 2324 1103 2409 exemplum
1118 2324 1410 2408 praeclarissimum

248 2510 270 2546 r.
290 2500 322 2545 st
341 2533 348 2546 .
370 2533 376 2544 .
395 2500 532 2557 licuisset,
551 2497 590 2546 ‘ii
607 2496 672 2548 their
690 2495 787 2546 natural
872 2510 909 2560 ¹5·
927 2499 1022 2556 Furia
1043 2495 1099 2545 ‘the
1115 2495 1175 2545 mad
1192 2494 1323 2547 assarlant!
1345 2495 1410 2546 Proi.

213 2562 310 2612 leaders
326 2561 376 2611 had
392 2563 499 2612 allowed
515 2563 584 2613 them
600 2572 628 2612 to
644 2572 684 2613 act
701 2579 733 2612 on
745 2578 788 2626 my
838 2562 934 2626 Tyrrell
947 2563 1040 2626 objects
1051 2570 1078 2611 to
1085 2561 1135 2611 this
1144 2562 1281 2626 rendering,
1292 2562 1341 2612 and
1357 2578 1412 2626 per·

212 2627 313 2678 bahali)
838 2629 903 2693 haps
916 2626 1059 2693 ‘profanet'
1071 2626 1155 2676 would
1172 2629 1203 2677 be
1219 2644 1235 2677 a
1251 2628 1329 2677 better
1344 2627 1412 2677 word

248 2693 789 2759 s.0um..potulssent,‘bytheirhaving
838 2694 899 2743 than
927 2694 1076 2743 ‘nssailant'
1114 2692 1156 2742 He
1183 2691 1286 2743 himself
1302 2710 1330 2742 sn
1391 2701 1414 2743 ts

212 2759 274 2809 been
286 2758 342 2808 able
353 2767 380 2807 to
390 2760 453 2808 raise
464 2776 504 2808 me
515 2760 587 2809 when
597 2759 690 2809 sallen'
840 2760 926 2819 ‘furia
944 2758 997 2808 fur)
1031 2759 1142 2822 llletzger
1160 2759 1257 2808 readers
1286 2762 1293 2784 ‘
1353 2758 1414 2820 old,’

245 2828 379 2874 llxeitars
396 2825 417 2873 is
434 2840 550 2874 common
567 2827 592 2874 in
608 2826 658 2874 this
674 2840 744 2874 sense
763 2825 789 2873 in
840 2824 939 2883 ‘flend'
951 2825 1001 2873 and
1013 2825 1054 2873 the
1065 2824 1134 2872 word
1144 2839 1223 2873 seems
1232 2832 1260 2873 to
1271 2824 1335 2874 have
1345 2840 1415 2874 some

213 2889 321 2939 Cicero’s
343 2890 460 2952 writings.
495 2890 550 2939 The
568 2891 685 2954 meaning
704 2891 733 2939 ol
747 2890 790 2939 the
839 2890 900 2939 such
911 2905 980 2939 sense
997 2890 1021 2938 in
1039 2890 1087 2938 Pro
1104 2889 1166 2939 Sest
1191 2904 1228 2952 r4,
1248 2900 1279 2951 33
1300 2890 1347 2939 ‘ab
1368 2889 1415 2939 illa

214 2970 318 3019 passage
335 2958 363 3013 is,
378 2954 446 3004 ‘The
464 2971 560 3004 success
568 2957 598 3004 of
606 2971 648 3019 my
659 2956 751 3006 friends
762 2957 788 3004 in
839 2956 901 3004 iuria
910 2971 939 3005 ae
946 2962 1015 3019 peste
1024 2955 1132 3019 patriae’
1144 2954 1267 3013 (Clodio).
1298 2954 1414 3004 Wieland

214 3020 334 3082 restoring
342 3036 381 3067 me
390 3020 453 3068 irom
462 3020 525 3069 exile
534 3021 635 3069 showed
646 3020 703 3069 how
711 3021 789 3084 easily
839 3021 938 3070 renders
952 3017 1083 3079 ‘rasende,'
1096 3019 1243 3069 ‘madmam’
1277 3020 1382 3071 Clodius
1393 3021 1415 3069 is

215 3083 272 3147 they
285 3084 365 3147 might
376 3084 439 3134 have
450 3086 525 3134 saved
534 3101 574 3135 me
582 3087 646 3134 from
657 3085 751 3152 having
761 3095 788 3136 to
839 3094 922 3136 meant
938 3087 967 3134 oi
979 3102 1072 3135 course.
1107 3085 1157 3149 Cp.
1173 3085 1215 3133 Ad
1227 3086 1258 3149 Q.
1269 3086 1297 3134 F.
1311 3101 1334 3147 3.
1348 3100 1369 3146 1,
1384 3099 1412 3135 11

213 3164 247 3213 go
258 3151 312 3197 into
326 3148 405 3197 exile.’
838 3152 890 3201 ‘uti
913 3152 993 3200 ullum
1012 3151 1045 3199 ad
1062 3149 1132 3199 illam
1149 3151 1236 3200 furiam
1256 3151 1358 3200 verbum
1379 3166 1416 3200 re·

248 3227 271 3274 3.
289 3217 360 3262 cnm
379 3218 414 3262 ds
433 3227 477 3262 ms
500 3230 606 3276 werse,
630 3215 716 3266 ‘when
738 3231 788 3279 you
839 3216 969 3266 nuberet?
1013 3217 1054 3265 On
1073 3215 1115 3266 the
1133 3217 1227 3280 gendes
1245 3217 1275 3265 ol
1289 3214 1363 3282 ‘qui’
1374 3233 1415 3282 cp.

213 3294 278 3329 were
289 3278 406 3342 pleading
417 3296 459 3343 my
471 3296 542 3329 cause
554 3281 580 3329 in
591 3281 634 3330 the
644 3282 744 3332 senate’
839 3283 925 3331 hladv.
939 3295 967 3330 ar
971 3295 985 3345 5
997 3282 1022 3331 b.

247 3360 271 3407 4.
290 3345 627 3404 ¹1¹onuisti,‘maiutained.'
875 3346 912 3396 16.
931 3351 1129 3397 'l’raesororss
1172 3345 1337 3407 Twosisters,
1350 3363 1414 3397 mar·

248 3423 270 3472 5.
289 3412 481 3465 Quibusdam:
499 3427 538 3474 cp.
551 3412 573 3459 E
593 3449 598 3460 .
612 3425 651 3472 ιο,
665 3414 688 3474 8,
698 3420 764 3462 note.
839 3413 891 3463 ried
900 3421 927 3462 to
937 3411 964 3459 1,
974 3413 1093 3461 Lucullus
1100 3413 1149 3462 and
1158 3412 1189 3475 Q.
1200 3413 1318 3462 Metellus
1325 3412 1416 3472 Celer;

248 3485 270 3538 7.
289 3478 326 3523 In
348 3478 479 3535 tenendo,
510 3476 549 3525 ‘in
571 3428 679 3542 lleeping
700 3494 740 3527 me
763 3485 789 3528 at
840 3494 888 3528 one
900 3479 993 3538 cousin,
1005 3479 1128 3539 Terentia,
1141 3479 1246 3528 married
1264 3487 1292 3528 to
1303 3478 1334 3542 Q.
1347 3478 1415 3528 Mar-

215 3538 313 3589 Rome!
346 3541 393 3604 Cp.
407 3541 504 3604 Ep54,
524 3554 538 3601 3
558 3543 615 3591 ‘ille
633 3542 788 3608 (Pompeius)
840 3545 895 3594 cius
907 3545 969 3591 Rex.
1003 3543 1104 3593 Billerb.

215 3605 358 3655 restituendi
367 3607 422 3664 mei,
431 3621 506 3670 quam
513 3608 632 3656 retinendi
640 3606 790 3658 studiosior!
873 3612 999 3669 Illorum,
1012 3609 1053 3658 the
1065 3608 1152 3658 nobles
1163 3608 1193 3658 oi
1198 3609 1284 3658 whom
1299 3609 1331 3659 he
1347 3626 1415 3659 corn·

216 3672 264 3719 But
283 3671 372 3719 Cicero
388 3672 449 3719 ‹loes
465 3680 516 3730 not,
536 3674 665 3738 probably,
685 3675 746 3724 refer
762 3684 790 3724 to
840 3673 1046 3739 plainssoolteu.
1082 3675 1132 3724 For
1141 3674 1205 3723 their
1221 3674 1338 3724 relations
1354 3674 1415 3723 with

215 3737 327 3800 Pompey
338 3737 362 3782 in
373 3736 424 3785 this
435 3752 547 3801 passage.
841 3740 946 3790 Clodius
962 3746 988 3788 at
1003 3740 1054 3788 this
1069 3740 1138 3801 time,
1155 3756 1194 3804 ep.
1212 3740 1260 3804 Ep.
1279 3754 1318 3803 23,
1331 3757 1354 3804 4,
1367 3740 1417 3789 and

250 3804 313 3857 Qua
321 3804 353 3849 in
362 3807 519 3851 sententia.
531 3806 715 3866 .voluissent,
727 3805 790 3854 ‘and
841 3805 983 3854 Mommsen
994 3821 1018 3867 4
1032 3820 1053 3864 a,
1068 3817 1121 3869 297.

216 3867 237 3915 ii
250 3865 308 3928 they
323 3867 372 3914 had
390 3868 449 3916 been
468 3868 564 3934 willing
579 3878 607 3919 to
624 3887 750 3935 persevere
766 3871 791 3919 in
876 3883 914 3933 17.
934 3874 1098 3929 Sententiis,
1117 3870 1167 3935 ‘by
1178 3870 1242 3920 their
1257 3877 1328 3921 votes
1339 3871 1363 3919 in
1374 3870 1418 3921 the

215 3931 270 3980 that
282 3930 403 3992 attitnde,'
417 3933 432 3980 i.
441 3948 461 3982 e.
474 3935 503 3983 oi
512 3936 646 4001 lrieudship
657 3946 684 3986 to
696 3953 744 3986 me.
841 3934 942 3994 senate:
963 3937 979 3984 i.
987 3951 1008 3984 e.
1030 3936 1063 3999 by
1079 3936 1143 3985 their
1162 3936 1249 3987 iailure
1267 3943 1295 3986 to
1312 3944 1417 4001 support

252 4009 288 4045 ro.
306 3998 482 4058 horionibus,
502 4004 578 4064 ‘your
596 4003 727 4067 proposals
742 4001 792 4051 and
841 4001 961 4051 Lentulus
976 4001 1137 4050 Marcellinus
1147 4003 1173 4050 in
1184 4003 1223 4051 his
1234 4006 1351 4067 proposal
1362 4002 1418 4051 that

216 4060 307 4111 official
319 4062 441 4112 conduct?
475 4065 575 4115 Billerb.
709 4121 712 4127 ¹
842 4067 947 4117 Clodius
958 4066 1160 4116 shouldbetried
1172 4066 1338 4132 byaspecial
1348 4082 1417 4116 com-

248 4131 294 4176 Ad
307 4143 418 4177 oausam
427 4134 570 4191 adiuncto,
579 4131 793 4196 ‘bavingenlisted
842 4133 943 4181 mission
955 4132 1038 4182 belore
1049 4131 1091 4182 the
1102 4140 1161 4183 next
1171 4135 1280 4184 comitia.
1313 4133 1362 4197 Cp.
1374 4132 1418 4181 Ad

216 4191 318 4242 himself
336 4194 361 4241 in
384 4204 487 4279 support
508 4197 537 4245 oi
553 4197 681 4247 thesaure
703 4193 791 4247 cause!
842 4197 873 4261 Q.
888 4198 916 4246 F.
931 4211 952 4246 a.
967 4212 988 4257 r,
1003 4212 1024 4246 a.

217 4260 364 4323 ‘Adiungor
392 4259 431 4319 ad,
448 4261 644 4326 =‘amplector,’
672 4260 791 4326 ‘sequon'
875 4266 1019 4312 Tribunus
1030 4265 1139 4321 plebis:
1157 4262 1281 4328 probably
1297 4264 1325 4311 L.
1344 4263 1417 4313 Raci-

217 4323 324 4373 Forcell,
358 4325 432 4388 ΕΜ
448 4339 485 4374 rr.
841 4327 895 4386 lius,
909 4343 937 4376 or
948 4329 1055 4393 perhaps
1065 4328 1139 4378 Milo.
1173 4329 1222 4393 Cp.
1235 4330 1275 4379 Ad
1288 4330 1319 4392 Q.
1328 4329 1356 4377 F.
1367 4328 1383 4378 l.
1394 4345 1416 4379 c.

216 4393 509 4503 E11·⁶⁸l¹1m11⁸1'1b11⁸
536 4394 710 4441 honoribus:
750 4407 789 4457 cp.
840 4393 896 4506 Ίέιο
907 4408 1053 4444 occurrence
1064 4394 1170 4445 referred
1180 4402 1208 4444 to
1225 4395 1287 4445 took
1303 4395 1375 4461 plnoe
1391 4395 1418 4443 in

239 4469 292 4519 p.2
312 4468 372 4514 ,ro.
839 4471 854 4521 5
884 4470 906 4506 u.
915 4470 938 4507 c.

252 4532 289 4581 ¹3·
308 4522 409 4578 Locus,
422 4522 468 4570 ‘an
480 4518 658 4586 opportunity!
874 4524 912 4573 18.
929 4527 986 4574 Psr
997 4528 1085 4576 bonos
1097 4523 1194 4587 visos,’
1213 4525 1262 4590 ‘by
1277 4541 1309 4576 an
1325 4526 1417 4592 appesl
