3030 5542
168 834 233 902 374
514 818 565 880 M.
591 817 753 879 TULLII
773 813 1030 880 CICERONIS
1210 803 1307 897 [rm
1321 826 1375 870 ιιι.

170 992 205 1055 id
221 999 258 1055 ut
274 1012 339 1056 non
355 1000 470 1075 putem
485 988 617 1054 videre:
639 987 720 1052 illud
737 987 847 1061 miror,
863 985 984 1051 adduci
1006 985 1156 1069 potuisse
1177 992 1221 1058 te,
1236 982 1293 1066 qui
1317 1004 1374 1046 me

171 1095 304 1178 penitus
326 1115 423 1158 nosse
440 1095 585 1169 deberes,
600 1103 638 1156 ut
660 1094 871 1157 existimares
892 1102 951 1155 aut
975 1110 1029 1153 me
1051 1101 1120 1153 tam
1138 1088 1373 1171 improvidum,

171 1199 229 1280 qui
242 1199 285 1262 ab
301 1199 447 1263 excitata
461 1198 593 1262 fortuna
607 1198 649 1261 ad
666 1197 856 1262 inclinatam
871 1204 905 1259 et
920 1215 1024 1278 prope
1035 1195 1197 1258 iacentem
1209 1192 1372 1257 descisce-

171 1322 251 1379 rem,
274 1311 333 1366 aut
354 1313 425 1366 tam
448 1303 700 1378 inconstantem,
722 1310 760 1363 ut
782 1298 956 1364 collectam
979 1298 1121 1382 gratiam
1144 1296 1370 1361 florentissimi

143 1431 158 1481 5
173 1405 317 1471 hominis
332 1406 534 1470 effunderem
551 1426 572 1468 a
587 1426 706 1488 meque
721 1405 793 1486 ipse
807 1401 981 1467 deficerem
1006 1411 1048 1478 et,
1063 1402 1154 1483 quod
1176 1402 1270 1464 initio
1284 1420 1374 1464 sem·

173 1529 297 1593 perque
313 1509 389 1593 fugi,
398 1510 483 1573 civili
500 1508 589 1573 bello
606 1510 809 1572 interessem.
842 1505 944 1589 Quod
955 1516 1005 1569 est
1015 1506 1115 1588 igitur
1131 1525 1240 1569 meum
1259 1504 1373 1568 ‘triste
1387 1517 1405 1562 a

172 1614 345 1677 consilium
357 1614 390 1677 'i
412 1625 450 1678 ut
465 1613 668 1678 discederem
685 1611 825 1676 fortasse
841 1612 874 1674 in
889 1610 1018 1692 aliquas
1039 1610 1262 1674 solitudines?
1284 1608 1372 1672 nosti

173 1719 261 1781 enirn
275 1739 342 1782 non
354 1720 456 1783 modo
464 1717 628 1782 stomachi
642 1718 716 1795 mei,
728 1716 820 1780 cuius
830 1725 866 1778 tu
877 1715 1016 1777 similem
1028 1716 1199 1797 quondam
1214 1713 1373 1789 habebas,

172 1824 232 1886 sed
256 1823 357 1885 etiam
381 1820 552 1886 oculorum
573 1823 606 1884 in
628 1822 800 1886 hominum
824 1818 1038 1882 insolentium
1062 1818 1259 1900 indignitate
1280 1817 1374 1881 fasti-

130 1926 288 2001 rcdium3
311 1926 440 1990 accedit
469 1926 571 1989 etiam
604 1924 745 1989 molesta
777 1924 861 1986 haec
894 1943 1020 2004 pompa
1046 1922 1198 1986 lictorum
1223 1942 1372 1985 meorum

173 2049 360 2111 nomenque
382 2029 521 2112 imperii,
543 2049 611 2111 quo
633 2027 802 2111 appellor:
825 2048 866 2090 eo
888 2027 916 2090 si
938 2046 1038 2090 onere
1055 2047 1209 2102 carerem,
1223 2027 1375 2109 quamvis

173 2133 284 2214 parvis
301 2131 417 2196 Italiae
432 2132 568 2197 latebris
582 2143 760 2196 contentus
774 2152 890 2195 essem.
929 2129 997 2195 Sed
1013 2131 1149 2195 incurrit
1164 2131 1246 2194 haec
1261 2140 1375 2194 nostra

173 2235 284 2299 laurus
306 2256 372 2299 non
397 2234 504 2299 s'olum
528 2237 560 2299 in
584 2236 707 2313 oculos,
731 2237 789 2300 sed
816 2235 882 2298 iam
908 2236 1009 2298 etiam
1042 2235 1074 2298 in
1101 2235 1236 2298 voculas
1271 2233 1375 2297 male-

172 2339 334 2404 volorum.
375 2337 475 2421 Quod
491 2359 567 2401 curn
583 2339 629 2403 ita
645 2350 740 2415 esset,
754 2340 799 2402 nil
814 2351 926 2403 tamen
938 2358 1097 2422 umquam
1113 2339 1157 2403 de
1171 2338 1376 2421 profectione

129 2464 158 2515 15
172 2442 232 2506 nisi
250 2443 346 2506 vobis
360 2443 621 2525 adprobantibus
643 2443 795 2525 cogitavi.
841 2442 909 2507 Sed
934 2462 1008 2506 mea
1030 2442 1201 2526 praediola
1218 2443 1279 2506 tibi
1295 2452 1376 2505 nota

173 2555 272 2623 sunt;
304 2547 337 2608 in
367 2544 418 2608 his
449 2546 529 2608 mihi
559 2566 692 2611 necesse
718 2557 768 2610 est
795 2568 876 2623 esse,
902 2566 944 2610 ne
973 2547 1088 2610 amicis
1116 2545 1275 2610 molestus
1303 2546 1374 2609 sim.

173 2648 275 2733 Quod
289 2659 401 2713 autem
418 2649 450 2711 in
469 2650 642 2714 maritimis
656 2651 811 2715 facillime
827 2671 909 2727 sum,
926 2671 1045 2714 moveo
1068 2670 1134 2713 non
1156 2649 1254 2713 nullis
1269 2651 1373 2732 suspi-

174 2753 300 2818 tionem
323 2753 407 2816 velle
431 2774 485 2817 me
507 2755 685 2835 navigare;
706 2756 797 2837 quod
813 2765 925 2818 tamen
948 2753 1088 2818 fortasse
1110 2774 1176 2817 non
1199 2754 1331 2831 nollem,
1347 2755 1375 2817 si

207 2927 230 2977 3.
247 2917 293 2963 Ab
309 2916 431 2963 excitata
447 2916 569 2975 fortuna,
581 2930 615 2964 sc.
627 2915 749 2976 Caesaris,
832 2930 856 2979 9.
873 2918 910 2963 In
933 2918 1080 2965 hominum
1098 2953 1104 2963 .
1121 2918 1318 2976 indignitate,
1335 2919 1378 2965 ‘at

174 2980 254 3030 ‘from
274 2980 316 3029 the
333 2979 432 3029 exalted
453 2981 548 3029 fortune
565 2980 594 3029 of
608 2979 749 3041 Caesar,’a
800 2981 843 3030 the
860 2982 926 3044 sight
944 2982 973 3028 of
992 2981 1035 3030 the
1052 2982 1175 3045 revolting
1198 2981 1332 3030 beherionr
1350 2981 1379 3030 of

173 3045 314 3097 rurenseof
319 3045 361 3095 the
369 3045 560 3110 word,opposcd
568 3056 595 3096 to
607 3045 749 3096 ‘inclinata’
800 3046 989 3096 insolentmen.'
1018 3046 1110 3111 Siiplle.
1139 3048 1188 3111 Cp.
1200 3047 1320 3110 Nigelsb.
1333 3048 1376 3110 4⁶,

207 3115 254 3161 Ad
282 3114 449 3160 inclinatam
471 3146 480 3161 .
502 3147 509 3160 .
534 3116 681 3171 iacentmn,
713 3128 746 3160 sc
803 3124 857 3175 1²7·

174 3176 296 3241 Pompeii,
309 3176 406 3226 ‘which
414 3176 457 3225 has
468 3178 580 3227 received
590 3194 606 3227 a
616 3176 693 3226 shoek
699 3176 749 3225 and
836 3190 873 3226 10.
891 3179 999 3235 Pompa
1005 3181 1138 3228 lictorum
1148 3195 1155 3226 ε
1170 3194 1209 3243 cp.
1217 3178 1276 3226 Intr.
1284 3185 1311 3228 to
1318 3178 1377 3227 Part

173 3242 304 3292 isalmost
321 3240 457 3306 prostrate!
492 3244 539 3307 Cp.
556 3243 622 3293 Vell.
641 3256 663 3292 a.
680 3255 750 3305 52,3
800 3241 850 3301 ΙΙΙ,
869 3246 882 3300 l
904 3257 934 3303 33
951 3244 1005 3292 also
1024 3244 1070 3308 Ep.
1088 3242 1128 3306 46,
1145 3245 1195 3293 and
1214 3260 1289 3308 many
1305 3244 1379 3293 other

174 3307 333 3357 ‘inclinatam
346 3344 352 3356 .
365 3306 478 3357 .aciem.'
800 3323 924 3372 passages.

206 3388 230 3435 4.
248 3376 401 3423 collectam
413 3409 419 3419 .
431 3408 438 3420 .
449 3376 582 3434 hominis,
593 3373 650 3422 ‘the
664 3373 751 3421 favour
838 3387 874 3421 ιι.
893 3377 1020 3423 Incurrit
1031 3411 1039 3424 .
1051 3412 1057 3423 .
1070 3378 1110 3435 in,
1126 3377 1221 3424 ‘meets
1235 3372 1312 3434 with:
1325 3374 1378 3422 ‘in-

174 3439 227 3489 ofa
238 3448 304 3488 most
315 3453 532 3503 prosperousman
545 3440 658 3501 (Caesar)
670 3438 751 3488 which
802 3438 914 3487 currere’
949 3439 1087 3505 frequently
1105 3463 1128 3481 ιι
1147 3440 1284 3492 ‘incidere’
1328 3440 1379 3505 Cp.
1416 3494 1422 3501 ,

173 3504 186 3554 l
197 3504 260 3553 have
271 3502 344 3552 won’
802 3504 908 3553 Forcell.

207 3573 265 3618 Ut.
278 3604 284 3616 .
296 3570 546 3619 effunderem=‘to
553 3569 634 3619 forfeit
644 3567 751 3618 atcnce)
837 3582 874 3631 13·
891 3572 1020 3626 Voculae,
1035 3570 1134 3634 ‘gibos'
1151 3571 1271 3636 Nigelsb.
1283 3573 1307 3632 8,
1321 3585 1361 3634 3²·

174 3634 296 3698 Nigelsb.
311 3647 365 3696 130,
378 3643 434 3698 375.
837 3647 874 3698 14
893 3639 978 3691 Quod
997 3651 1061 3686 cum
1079 3642 1121 3687 ita
1139 3647 1218 3697 emet,
1237 3638 1379 3687 ‘nererthe-

209 3714 231 3763 5.
248 3701 590 3759 Ameque..deflcerem,
605 3701 647 3749 ‘to
664 3700 751 3748 benn-
801 3698 867 3748 less’
901 3701 956 3751 The
968 3702 1168 3766 imperiisused
1184 3703 1379 3753 becauseoftlte

174 3774 229 3815 true
244 3772 272 3813 to
286 3763 391 3827 myself'
406 3781 467 3813 rnre.
501 3766 558 3829 Cp,
572 3765 694 3824 however,
712 3764 752 3813 De
802 3774 869 3814 tense
881 3767 910 3814 of
919 3767 1060 3830 ‘cogitari'
1093 3769 1141 3834 Cp.
1154 3770 1200 3833 Ep.
1216 3782 1255 3831 15,
1268 3777 1370 3829 r,note.

174 3830 276 3879 Amicit
292 3843 328 3877 11.
341 3840 372 3891 37
385 3831 422 3878 ‘si
434 3847 449 3878 a
461 3831 549 3880 virtme
560 3828 694 3879 defeceris)
835 3834 877 3880 De
905 3835 1080 3890 protentione
1098 3870 1104 3881 .
1122 3871 1128 3883 .
1146 3839 1379 3895 adprobantibus,

207 3898 307 3951 Initio,
318 3895 369 3944 abl.
381 3896 410 3944 of
417 3895 460 3944 the
470 3896 536 3945 date.
554 3895 601 3958 Cp.
614 3895 660 3960 Ep.
675 3909 713 3955 rr,
727 3909 751 3958 3,
802 3896 848 3945 ‘of
863 3914 878 3946 a
896 3898 1025 3961 departure
1039 3900 1143 3949 without
1161 3917 1223 3963 your
1239 3900 1379 3966 approval.’

175 3970 242 4009 note.
802 3960 857 4010 The
868 3963 976 4012 ablative
988 3965 1040 4012 abs.
1053 3966 1074 4013 is
1085 3967 1144 4014 used
1160 3966 1241 4015 rather
1255 3967 1381 4032 strangely

208 4024 232 4073 6.
251 4028 347 4074 Meum
360 4023 630 4075 ‘tristeccnsilium‘
664 4027 753 4077 Cicero
802 4042 830 4075 as
848 4043 879 4076 an
897 4029 1013 4078 attribute
1032 4031 1061 4079 of
1079 4030 1228 4094 ‘profectio'
1263 4032 1310 4098 Cp.
1328 4034 1380 4082 Sal.

174 4092 235 4140 does
243 4097 287 4139 not
295 4098 370 4154 quote
378 4091 420 4138 the
429 4091 510 4140 actual
518 4092 600 4139 words
608 4091 752 4147 ofCaelius.
803 4092 857 4156 lug.
872 4107 903 4142 10
913 4096 920 4119 ‘
930 4110 1031 4157 parvum
1050 4112 1098 4159 ego
1110 4104 1141 4158 te,
1155 4133 1161 4146 .
1173 4133 1179 4146 .
1191 4097 1283 4147 amisso
1302 4110 1382 4164 patre,

175 4159 220 4206 but
235 4155 310 4204 refers
330 4165 357 4205 to
374 4155 417 4204 the
433 4156 525 4221 import
542 4156 571 4204 of
585 4157 626 4206 the
643 4159 752 4222 opening
803 4158 943 4223 ..accepi.’

174 4228 299 4271 sentences
310 4220 339 4268 of
347 4221 393 4285 Ep.
406 4219 446 4284 69.
837 4237 874 4286 15.
892 4227 1021 4274 Vobls=‘
1032 4225 1144 4277 Caesar’s
1152 4227 1201 4276 and
1213 4244 1255 4292 my
1263 4244 1382 4279 common

209 4298 232 4349 7.
251 4287 545 4346 Utdlacedercm,foll.
579 4286 750 4353 Onthegene-
800 4288 907 4339 friends!

175 4350 213 4400 ral
224 4352 400 4410 construction,
409 4366 448 4416 cp
457 4353 504 4416 Ep.
519 4366 555 4412 13,
569 4365 591 4413 3,
604 4362 671 4403 note.
695 4355 750 4406 The
832 4357 993 4415 Preedlola,
1007 4358 1086 4407 ‘little
1102 4357 1208 4410 estates!
1240 4359 1296 4409 The
1312 4362 1382 4411 worrl

173 4417 303 4480 imperfect
315 4416 405 4465 isused
420 4418 522 4467 became
533 4417 575 4467 the
586 4419 753 4472 resolutionis
803 4435 889 4470 occurs
912 4423 937 4470 in
960 4425 1059 4472 various
1081 4441 1198 4488 passages
1220 4426 1251 4482 of
1271 4425 1382 4477 Cicero’s

175 4482 299 4547 supposed
318 4491 346 4531 to
365 4482 428 4531 have
445 4483 507 4533 been
525 4484 599 4533 taken
618 4492 645 4534 at
663 4502 679 4534 a
696 4496 752 4551 past
802 4487 892 4537 works.
926 4489 972 4552 Cp.
986 4489 1027 4537 Ad
1039 4492 1092 4540 Att.
1108 4490 1145 4540 16.
1158 4504 1180 4552 3,
1194 4507 1217 4554 4.

175 4548 244 4597 lime.
277 4547 369 4612 Siipfle,
384 4548 471 4597 Hofm.
838 4549 875 4600 16.
893 4557 1041 4605 Neamicis
1055 4593 1061 4605 .
1076 4593 1081 4605 .
1094 4557 1382 4622 sim.‘that1maynot

175 4614 245 4729 583
254 4616 406 4674 stomachi,
429 4618 487 4678 ‘my
514 4614 611 4665 natural
639 4615 751 4682 indigna·
802 4617 859 4681 give
870 4619 1012 4682 myfriends
1021 4621 1062 4671 the
1071 4622 1169 4671 trouble
1181 4624 1209 4672 of
1217 4623 1383 4689 entertaining

195 4694 236 4728 on
803 4682 859 4732 me!

210 4747 367 4801 Quondam.
391 4744 492 4795 Caelius
500 4745 549 4795 bad
561 4762 622 4796 once
629 4747 752 4813 belonged
838 4762 849 4797 1
869 4787 875 4798 .
894 4752 1040 4801 Facillime
1053 4754 1088 4791 ι(
1096 4751 1273 4806 libentissime’
1289 4754 1384 4820 Stiplle,

175 4816 203 4859 te
219 4810 261 4858 the
277 4811 410 4875 optimates
425 4816 475 4875 (cp.
488 4812 555 4861 Brut
568 4821 608 4876 79,
621 4814 689 4878 373),
702 4815 751 4863 and
803 4760 893 4865 Hofm.

175 4875 260 4924 would
269 4875 327 4924 then
335 4876 640 4940 probablyhavedisliked
648 4895 718 4929 some
727 4880 756 4929 of
837 4884 906 4929 Bnm
919 4883 1118 4934 =‘commoror.'
1153 4885 1259 4936 Forcell

176 4940 287 4991 Caesar's
298 4942 550 4993 aswcistesasmnch
562 4944 690 4995 asClocro
698 4946 751 4995 did.
839 4948 877 4996 18.
895 4948 1144 5009 l'amen,‘indeed.’
