3030 5542
170 801 235 883 546
519 800 569 865 M.
595 800 760 861 TULLII
780 798 1036 864 CICERONIS
1235 793 1339 886 [rann
1352 817 1386 865 r.

171 974 309 1048 Antoni,
326 982 360 1037 te
376 973 466 1036 nulla
481 973 683 1037 lacessiimus
699 973 805 1037 iniura
828 994 934 1055 neque
957 972 1151 1044 miraturum
1167 971 1382 1048 credidimus,

172 1081 200 1144 si
216 1090 384 1162 praetores
396 1090 429 1143 et
439 1099 479 1143 ea
489 1079 650 1160 dignitate
663 1077 813 1142 homines
822 1079 944 1160 aliquid
957 1079 1068 1142 edicto
1077 1077 1345 1162 postulassemus
1360 1095 1382 1138 a

171 1184 326 1249 consule:
348 1184 438 1266 quod
454 1183 482 1246 si
498 1182 676 1265 indignaris
691 1203 790 1247 ausos
805 1202 877 1245 esse
893 1182 927 1245 id
941 1182 1055 1258 iacere,
1066 1182 1211 1246 concede
1224 1181 1325 1244 nobis
1341 1189 1380 1244 ut

171 1287 342 1352 doleamus
358 1309 399 1350 ne
413 1287 477 1351 hoc
492 1287 626 1368 quidem
645 1287 705 1350 abs
722 1297 754 1350 te
771 1287 876 1351 Bruto
892 1296 926 1350 et
942 1285 1057 1349 Cassio
1072 1285 1183 1349 tribui.
1232 1284 1324 1348 Nam
1334 1285 1408 1347 dea

143 1409 158 1460 5
172 1391 342 1455 dilectibus
358 1390 478 1455 habitis
493 1399 527 1453 et
546 1389 692 1472 pecuniis
712 1390 890 1471 imperatis,
905 1389 1108 1454 exercitibus
1129 1388 1321 1453 sollicitatis
1343 1396 1378 1452 et

171 1495 294 1559 nuntiis
309 1506 399 1558 trans
415 1515 505 1558 mare
521 1494 627 1556 missis
643 1495 732 1576 quod
745 1503 780 1558 te
788 1503 942 1576 questum
955 1513 1027 1557 esse
1039 1513 1150 1576 negas,
1160 1513 1221 1556 nos
1237 1493 1377 1574 quidem

171 1599 233 1663 tibi
256 1598 421 1662 credimus
444 1596 573 1680 optimo
596 1597 707 1662 animo
729 1607 763 1660 te
785 1596 909 1674 iecisse,
925 1599 983 1661 sed
1004 1606 1117 1660 tamen
1140 1616 1247 1678 neque
1271 1616 1376 1679 agno·

170 1703 293 1768 scimus
316 1702 492 1784 quicquam
509 1720 623 1764 eorum
640 1710 674 1763 et
690 1711 724 1765 te
739 1701 901 1777 miramur,
917 1721 992 1764 cum
1008 1701 1090 1763 haec
1114 1700 1292 1777 reticueris,
1308 1718 1375 1762 non

171 1806 319 1888 potuisse
334 1806 502 1869 continere
516 1805 719 1869 iracundiam
737 1816 840 1879 tuam,
852 1805 931 1886 quin
944 1805 1038 1868 nobis
1048 1805 1091 1868 de
1104 1815 1213 1867 morte
1223 1803 1376 1868 Caesaris

128 1940 159 1976 ιο
172 1910 339 1973 obiiceres.
386 1907 473 1971 Illud
486 1929 563 1971 vero
575 1928 674 1991 quem
685 1910 728 1971 ad
743 1909 879 1971 modum
897 1906 1071 1970 ferundum
1094 1908 1147 1983 sit,
1162 1916 1237 1971 tute
1252 1907 1375 1991 cogita,
1388 1928 1405 1974 s

172 2035 237 2077 non
254 2013 350 2078 licere
366 2013 572 2095 praetoribus
588 2013 782 2077 concordiae
796 2032 836 2076 ac
851 2012 1012 2076 libertatis
1027 2031 1127 2075 causa
1148 2031 1207 2092 per
1227 2012 1375 2075 edictum

171 2117 214 2181 de
230 2138 288 2181 suo
305 2116 373 2179 iure
388 2116 556 2193 decedere,
566 2117 645 2198 quin
662 2116 777 2181 consul
791 2136 884 2179 arma
901 2116 1053 2179 minetur.
1086 2114 1238 2197 Quorum
1251 2114 1377 2180 fiducia

171 2219 252 2283 nihil
267 2221 422 2301 estquod
439 2240 499 2283 nos
513 2229 637 2284 terreas
653 2243 660 2298 ;
682 2221 892 2303 nequeenim
916 2221 1011 2283 decet
1026 2228 1084 2283 aut
1100 2218 1254 2283 convenit
1278 2218 1381 2283 nobis.

172 2323 317 2406 periculo
330 2321 387 2385 ulli
397 2323 590 2387 submittere
600 2324 747 2387 animum
759 2333 905 2387 nostrum
916 2343 1022 2404 neque
1034 2333 1086 2387 est
1096 2321 1247 2386 Antonio
1257 2332 1376 2404 postu·

206 2535 226 2569 1.
245 2524 424 2579 Miraturum,
442 2537 475 2572 sc.
495 2520 554 2572 ‘te'
587 2523 635 2588 Cp.
659 2523 746 2572 Madv.
797 2537 895 2586 money,
907 2521 1010 2586 charges
1021 2520 1111 2576 which,
1122 2520 1146 2569 il
1154 2527 1199 2570 not
1212 2528 1268 2570 true
1284 2521 1376 2572 atthis

171 2600 228 2650 401,
246 2587 307 2635 Obs.
327 2601 348 2637 a.
376 2586 431 2636 The
448 2588 612 2638 construction
630 2589 745 2638 issome-
796 2588 864 2647 time,
875 2603 939 2636 were
950 2595 1004 2636 true
1015 2602 1078 2636 soon
1091 2587 1240 2636 asterwards.

171 2653 237 2702 what
249 2652 374 2715 irregular.
832 2663 853 2716 7.
872 2656 911 2701 ‘Pe
923 2655 1031 2712 Ieoime,
1044 2668 1077 2702 sc.
1090 2659 1155 2700 ‘non
1166 2660 1281 2715 questum
1293 2650 1363 2702 esse!

206 2733 227 2767 a.
245 2721 288 2766 Ea
303 2722 452 2778 dignitate,
466 2719 510 2768 ‘oi
523 2719 583 2767 such
597 2721 746 2783 positiones
829 2721 1025 2777 Agnoscimus,
1049 2718 1143 2767 ‘admit
1172 2717 1215 2766 the
1241 2717 1310 2766 truth
1331 2715 1374 2766 ol.'

169 2782 472 2847 ours,'oras‘prnetors.'
490 2784 538 2834 lllr.
552 2785 592 2833 W.
605 2785 692 2846 Lock;
709 2801 745 2842 so,
797 2783 904 2832 Forcell.
935 2784 1069 2832 ‘Nostrum
1080 2780 1267 2832 esseiatemur!
1294 2782 1374 2832 Andr.

171 2857 222 2907 too,
236 2848 309 2898 Wiel.
340 2848 524 2899 ‘Hac’would
541 2851 571 2900 be
587 2851 693 2900 morein
706 2867 745 2900 ac·
797 2850 846 2913 Cp.
859 2849 967 2913 Philipp.
983 2862 1019 2913 14
1033 2849 1205 2911 3,8‘lacinus
1220 2848 1290 2912 quod
1304 2847 1374 2897 nulla

170 2915 293 2964 cordauce
308 2914 367 2963 with
381 2931 464 2979 usage.
499 2914 540 2964 On
553 2916 595 2965 the
608 2917 694 2978 ablat,
706 2932 746 2981 cp.
797 2914 911 2964 barbaria
922 2922 1005 2979 posset
1015 2910 1165 2978 agnoscere!

171 2981 217 3044 Ep.
230 2979 253 3037 6,
269 2995 291 3040 2,
302 2989 367 3030 note.
830 2981 854 3028 8.
873 2983 1031 3037 Quicquam
1059 2995 1166 3039 eorum,
1189 2981 1252 3040 ‘any
1275 2978 1306 3026 ol
1331 2978 1374 3028 the

203 3049 322 3096 illdioto:
335 3062 373 3109 cp.
381 3045 441 3094 Intr.
451 3051 478 3095 to
485 3047 543 3095 Part
550 3046 582 3106 V,
593 3050 606 3104 ξ
617 3057 639 3111 7.
658 3048 747 3097 Brutus
796 3044 899 3108 charges
910 3046 986 3094 about
998 3060 1043 3094 our
1053 3044 1151 3108 alleged
1162 3042 1299 3108 inuigres'

170 3110 220 3159 had
234 3111 354 3174 probably
366 3109 466 3175 already
478 3113 589 3161 received
599 3113 747 3177 permission
830 3125 853 3173 9.
880 3114 922 3159 De
950 3117 1040 3159 morte
1069 3113 1195 3160 casuris
1224 3113 1371 3159 oblineret.

171 3183 198 3226 to
211 3177 241 3225 be
253 3178 340 3225 absent
352 3176 415 3224 from
427 3177 492 3240 Italy
505 3177 543 3227 lor
555 3193 622 3227 more
633 3179 693 3226 than
704 3185 746 3226 ten
797 3175 921 3225 ‘Mortem
929 3173 1144 3225 Caesaris'would
1152 3175 1260 3239 perhaps
1267 3175 1374 3225 bemore

170 3243 232 3305 days
243 3243 333 3305 during
350 3243 387 3290 his
403 3258 460 3305 year
473 3242 502 3291 ol
516 3243 586 3293 office
597 3259 625 3291 as
639 3252 745 3307 praetor,
796 3257 928 3299 common;
944 3242 989 3290 bnt
1003 3258 1042 3306 cp.
1057 3242 1106 3289 Pro
1123 3241 1207 3290 Plane.
1224 3253 1266 3302 31,
1282 3251 1312 3305 75
1326 3241 1373 3290 ‘de

170 3307 220 3356 and
243 3307 320 3356 hence
342 3308 384 3355 the
406 3316 502 3371 request
524 3309 582 3357 here
603 3309 746 3358 mentioned
797 3306 885 3371 Cispio
896 3307 958 3356 mihi
970 3323 1000 3356 ne
1012 3315 1037 3356 tu
1051 3304 1169 3356 obiicies'

169 3373 294 3487 probably
315 3373 388 3421 refers
411 3381 437 3420 to
460 3374 601 3451 something
625 3374 745 3450 different.
832 3386 869 3426 10¹
888 3375 967 3420 Illud
978 3373 1052 3421 refers
1063 3379 1090 3421 to
1101 3372 1168 3421 what
1181 3370 1290 3421 follows
1323 3372 1373 3437 Cp.

169 3438 745 3568 bdlldlldsv’edsolllllercdlrllillss’sillldtyovbldlleddrlrff
796 3437 1091 3552 Ellrl'l’elmeediotum
1110 3538 1116 3551 .
1137 3538 1144 3552 .
1165 3505 1310 3564 decedere,
1331 3505 1374 3553 ‘to

169 3570 214 3644 but
224 3585 269 3643 our
277 3568 403 3616 materials
411 3568 499 3632 hardly
506 3569 746 3646 warrantadecided
796 3568 861 3617 issue
871 3584 887 3616 a
901 3568 1081 3633 proclamation
1099 3567 1225 3644 declnriug
1240 3568 1297 3652 that
1313 3567 1375 3633 they

169 3649 282 3763 illiti:
303 3634 384 3759 fl„
396 3633 580 3759 illiti..
599 3635 746 3763 sipili
796 3634 1057 3763 {studuisti
1075 3633 1144 3747 lit.
1161 3633 1374 3763 ailisisti

170 3763 277 3812 demand
290 3764 319 3811 oi
335 3764 423 3811 Brutus
439 3763 487 3811 and
503 3764 611 3825 Cassius,
625 3765 745 3814 Merivale
797 3764 892 3814 Manut.
922 3764 1019 3829 Butcp.
1035 3770 1162 3824 §1,note.
1191 3764 1302 3830 Perhaps
1313 3765 1374 3829 they

169 3830 264 3943 itti]
284 3830 360 3942 lit
375 3828 495 3942 liiii
513 3828 674 3945 ‘lliltlt
687 3830 745 3946 ‘hil
796 3830 1029 3944 {hmili‘lm‘hih
1040 3829 1258 3944 illiniti
1279 3832 1373 3943 ‘imm

170 3959 256 4009 absent
269 3959 332 4007 from
345 3959 433 4009 Rome.
495 3911 526 3959 pe
609 3911 641 3945 on
675 3911 691 3945 ο
796 3961 864 4009 cord.
899 3912 945 4025 Cp.
964 3912 1070 4010 Vellya.
1087 3912 1168 4022 62:³3.
1191 3912 1374 4019 ‘Egimoumc’ona

203 4041 225 4088 4.
245 4029 289 4072 Ne
306 4029 360 4075 hoo
375 4027 498 4084 quidem,
511 4027 571 4074 ‘not
584 4042 644 4076 even
658 4027 718 4076 such
730 4043 745 4075 a
795 4025 1194 4090 publicproclamation,opposed
1203 4033 1230 4075 to
1239 4025 1375 4091 ‘epistola'

170 4106 233 4154 poor
245 4091 309 4138 boon
323 4107 351 4139 as
362 4087 428 4139 this'
444 4090 498 4140 The
507 4091 627 4140 reference
635 4093 657 4141 is
667 4102 694 4141 to
703 4093 746 4142 the
797 4090 872 4139 Wiel.

170 4156 372 4219 requestalluded
383 4164 410 4205 to
419 4156 444 4204 in
452 4156 494 4204 the
503 4158 617 4221 previous
625 4167 745 4208 sentence.
832 4170 869 4204 12.
888 4160 1006 4213 Quin=‘
1015 4164 1042 4206 ut
1053 4154 1118 4206 non'
1135 4158 1183 4222 Cp.
1195 4156 1283 4207 Madv.
1293 4170 1342 4221 375
1350 4174 1373 4219 e,

170 4221 259 4269 Manut
271 4221 433 4285 paraphrases
445 4223 506 4271 ‘hoc
517 4221 604 4271 saltem
613 4224 686 4272 nobis
696 4239 746 4271 non
796 4221 857 4271 Obs.
870 4238 893 4285 4.

169 4296 296 4350 tamquam
306 4287 391 4335 consul
403 4288 556 4351 praetoribus
565 4288 606 4336 sed
618 4298 745 4353 tamquam
830 4290 955 4343 Quorum
969 4291 1081 4347 fiducita,
1093 4288 1143 4350 ‘by
1153 4303 1215 4351 your
1228 4289 1375 4340 conridenoe

170 4353 247 4401 Bmto
260 4361 283 4401 et
297 4354 384 4402 Cassio
398 4353 504 4402 tribuere
516 4351 633 4403 deberes)
667 4353 745 4404 Andr.
796 4353 904 4402 inthose
917 4352 997 4403 arms'
1031 4352 1227 4402 Ablntcausae.

169 4419 290 4483 saysthat
308 4420 349 4467 the
367 4434 458 4483 proper
472 4434 556 4467 names
569 4420 745 4484 areemphati·
833 4432 869 4479 13.
887 4422 970 4467 Nihil
983 4424 1027 4467 ost
1041 4455 1047 4466 .
1061 4455 1067 4468 .
1082 4424 1196 4467 umens.
1229 4417 1286 4469 The
1300 4420 1374 4470 usual

169 4484 235 4547 cally
259 4484 318 4532 used
346 4484 442 4533 instead
465 4484 494 4532 oi
518 4500 651 4550 pronouns.
696 4485 744 4549 Cp.
796 4500 865 4534 sense
874 4486 903 4533 of
912 4485 980 4534 these
989 4484 1161 4532 wordswould
1174 4484 1375 4538 be‘thereisno

170 4550 311 4598 ‘Antonio'
323 4550 348 4598 in
360 4549 376 4597 l.
392 4562 429 4612 ¹4·
796 4565 883 4600 reason
895 4550 934 4599 sor
949 4566 1012 4614 your
1025 4551 1106 4613 tryiug
1123 4558 1150 4598 to
1164 4549 1289 4613 frighten!
1323 4552 1374 4617 Cp.

204 4619 292 4664 Nam:
311 4631 350 4680 cp.
363 4615 409 4680 Ep.
422 4629 446 4678 9,
459 4617 483 4675 8,
494 4623 558 4664 note.
796 4615 843 4680 Ep.
856 4629 895 4678 92,
910 4630 931 4676 5.
968 4615 1035 4664 Here
1052 4615 1069 4662 it
1087 4631 1166 4665 seems
1181 4616 1272 4675 rather,
1285 4616 1376 4669 ‘there

203 4684 246 4729 Do
267 4684 418 4730 dilectibus
435 4684 549 4730 habitin.
583 4682 686 4744 Antony
700 4697 744 4746 ap·
795 4681 817 4731 is
827 4697 861 4729 no
872 4681 951 4730 usein
963 4697 1025 4744 your
1034 4681 1116 4745 trying
1127 4688 1154 4730 to
1165 4680 1289 4745 tnghten!

169 4746 281 4812 parently
292 4745 422 4809 pretended
435 4754 461 4794 to
473 4746 535 4795 have
546 4746 622 4795 heard
634 4762 746 4795 rumours
831 4760 868 4809 14.
886 4750 986 4804 Neque
1009 4784 1015 4795 .
1039 4782 1045 4795 .
1068 4750 1278 4807 postulandum,
1312 4752 1377 4800 ‘nor

168 4813 224 4862 thnt
242 4813 331 4859 Bmtus
344 4812 393 4859 and
411 4810 510 4860 Cassius
522 4826 587 4860 were
604 4813 746 4877 tamperiug
794 4811 873 4875 ought
906 4813 1007 4875 Antony
1034 4821 1062 4861 to
1094 4810 1217 4862 demand)
1254 4813 1297 4862 On
1331 4816 1376 4866 the

168 4877 229 4926 with
244 4877 342 4924 various
358 4876 531 4940 armies-eg.
544 4876 615 4925 those
631 4877 660 4926 oi
674 4877 745 4940 Syria
794 4879 844 4927 dat.
874 4876 936 4927 aiter
965 4878 1119 4942 gerundives,
1146 4894 1185 4944 cp.
1210 4878 1258 4944 Ep.
1283 4881 1324 4944 83,
1348 4899 1374 4946 4,

169 4944 219 4992 and
232 4942 463 4991 blacedonia-und
481 4941 574 5007 raising
589 4950 676 5009 troops
694 4942 744 4991 and
793 4952 860 4994 note.
