3030 5542
134 364 179 412 rr.
195 340 264 434 gs]
519 345 584 407 AD
605 344 826 407 armenas
851 344 903 407 vr.
928 360 954 408 2.
1272 342 1334 426 2⁶9

135 532 239 597 tuum,
256 520 359 582 immo
374 529 522 583 nostrum
537 542 545 595 ;
568 519 614 584 sic
629 519 718 582 enim
731 519 857 583 mavis:
876 518 1030 601 equidem
1043 517 1154 582 omnia
1166 514 1238 594 l'eci,
1250 535 1335 599 quae

135 624 228 708 potui
244 634 301 688 aut
318 624 351 687 in
367 645 441 687 mea
457 624 624 707 provincia
640 623 796 706 perficere
811 634 868 688 aut
885 624 917 686 in
930 644 1033 708 reguo
1045 621 1195 704 experiri.
1234 619 1335 685 Omni

137 729 235 814 igitur
258 730 360 792 modo
383 728 436 810 egi
459 748 534 790 cum
559 749 636 812 rege
659 738 692 792 et
715 749 778 810 ago
802 728 959 810 quotidie,
975 748 1035 811 per
1055 727 1181 791 litteras
1195 724 1337 798 scilicet;

136 835 245 916 ipsum
266 835 353 896 enim
376 833 523 896 triduum
541 832 803 914 quadriduumve
819 852 949 897 mecum
972 831 1073 895 habui
1089 828 1287 894 turbulentis
1303 828 1336 890 in

137 939 243 1013 rebus,
259 937 468 1021 quibuscum
490 936 638 1000 liberavi.
684 935 753 1001 Sed
774 946 808 1000 et
828 947 900 1001 tum
916 956 1073 1018 praesens
1088 944 1122 998 et
1137 943 1252 1017 postea
1268 939 1366 995 cre-t

137 1041 296 1106 berrumis
312 1040 432 1104 litteris
447 1061 514 1105 non
529 1041 642 1104 destiti
660 1061 774 1123 rogare
795 1050 828 1104 et
849 1049 962 1124 petere
982 1060 1055 1102 mea
1077 1059 1184 1111 causa,
1200 1037 1338 1101 suadere

138 1156 172 1210 et
195 1144 318 1209 hortari
341 1167 420 1210 sua:
445 1145 586 1209 multum
610 1145 742 1227 proieci,
765 1144 824 1208 sed
847 1155 1019 1228 quantum,
1041 1164 1107 1209 non
1128 1141 1236 1224 plane,
1260 1141 1338 1224 quia

138 1249 238 1332 longe
253 1250 380 1326 absum,
397 1249 474 1314 scio.
521 1248 721 1313 Salaminios
735 1248 957 1313 autem-hos
972 1248 1059 1311 enim
1081 1258 1231 1329 poteram
1247 1252 1338 1310 coe'r·

139 1353 393 1432 cere—adduxi,
406 1364 442 1418 ut
458 1362 567 1419 totum
585 1374 706 1417 nomen
723 1352 859 1437 Scaptio
870 1352 994 1417 vellent
1011 1352 1147 1425 solvere,
1158 1350 1216 1416 sed
1227 1359 1337 1415 cente-

139 1459 230 1522 simis
252 1459 359 1523 ductis
381 1479 401 1521 a
422 1479 587 1541 proxuma
610 1459 744 1541 quidem
768 1457 968 1541 syngrapha,
991 1477 1051 1523 nec
1081 1456 1257 1542 perpetuis,
1279 1454 1385 1520 sed10

140 1564 303 1627 renovatis
335 1562 520 1644 quotannis
566 1563 836 1627 Numerabantur
866 1561 1014 1625 nummi:
1045 1561 1151 1624 noluit
1174 1558 1338 1643 Scaptius.

140 1668 202 1743 Tu,
214 1667 271 1749 qui
287 1667 335 1731 ais
352 1666 492 1729 Brutum
510 1687 628 1750 cupere
643 1665 768 1750 aliquid
781 1667 942 1749 perdere?
958 1675 1135 1748 quaternas
1146 1664 1293 1728 habebat
1306 1664 1340 1727 in

141 1771 337 1854 syngrapha.
384 1770 471 1833 Fieri
495 1790 560 1833 non
584 1780 726 1853 poterat,
744 1792 812 1844 nec,
831 1771 858 1833 si
878 1780 999 1852 posset,
1021 1791 1085 1852 ego
1104 1769 1173 1853 pati
1196 1788 1339 1853 possem.

141 1874 254 1938 Audio
269 1860 589 1957 omnino'Scaptium
602 1875 771 1957 paenitere
783 1898 791 1949 ;
812 1894 890 1937 nam
906 1874 994 1958 quod
1007 1883 1140 1937 senatus
1153 1872 1340 1939 consultum

142 1999 213 2043 esse
224 1963 365 2054 dicebat,
375 1986 410 2041 ut
425 1978 474 2041 ius
490 1999 534 2041 ex
545 1979 736 2062 syngrapha
751 1979 923 2053 diceretur,
934 1999 975 2041 eo
992 1978 1129 2042 consilio
1144 1977 1340 2054 factumest,
1357 1986 1386 2038 1⁵

141 2083 232 2166 quod
254 2082 427 2165 pecuniam
451 2080 623 2145 Salaminii
646 2093 760 2146 contra
782 2082 890 2163 legem
914 2081 1092 2146 Gabiniam
1111 2092 1340 2165 sumpserant;

144 2187 280 2253 vetabat
295 2195 407 2250 autem
422 2183 504 2249 Auli
520 2184 577 2248 lex
593 2187 641 2249 ius
658 2185 722 2249 dici
738 2187 781 2250 de
795 2186 841 2249 ita
856 2196 990 2268 sumpta
1015 2187 1173 2268 pecunia:
1198 2186 1342 2251 decrevit

143 2344 224 2393 leared
235 2343 289 2391 that
300 2343 433 2392 thesenate
441 2343 522 2407 might
531 2342 685 2409 requirehim
696 2349 722 2392 to
765 2344 837 2392 ‘cum
850 2344 1003 2394 anatocismo
1018 2344 1200 2395 anniversario!
1233 2345 1280 2395 See
1294 2345 1341 2409 Ep.

144 2418 197 2472 stay
206 2424 274 2457 more
286 2410 344 2458 than
354 2425 369 2457 a
380 2410 468 2473 yearin
478 2409 518 2458 his
528 2410 643 2474 province
655 2428 661 2458 r
672 2409 723 2459 and
766 2408 805 2468 36,
821 2423 858 2468 11,
870 2419 936 2460 note.

144 2472 240 2524 Curio's
252 2475 395 2538 opposition
408 2482 434 2523 to
446 2475 481 2523 all
498 2476 634 2525 discussion
646 2476 722 2524 about
798 2478 1034 2537 Numerabantur,
1056 2479 1134 2526 ‘were
1149 2476 1200 2539 just
1216 2477 1293 2525 about
1316 2482 1342 2525 to

144 2539 186 2589 the
209 2541 336 2603 provinces
352 2541 402 2589 had
427 2540 533 2590 relieved
555 2542 607 2590 h'un
624 2541 653 2590 oi
673 2541 724 2590 this
765 2538 884 2605 bepaid.'
918 2540 1061 2590 SeeMadv.
1075 2555 1129 2602 537,
1143 2543 1204 2591 Obs.
1221 2556 1243 2590 1.

144 2607 251 2668 anxiety.
801 2619 838 2655 12.
857 2610 908 2657 'l'u
920 2622 954 2656 sc.
968 2608 1005 2655 ‘is
1019 2606 1061 2667 es,'
1078 2608 1115 2656 ‘is
1127 2608 1146 2657 it
1164 2606 1230 2671 you‚’
1242 2624 1271 2656 or
1281 2612 1288 2637 ‘
1298 2624 1344 2657 can

177 2675 224 2719 Ad
231 2676 365 2720 Brutum.
376 2709 382 2721 .
393 2672 643 2731 nostrum,soll.‚‘to
652 2688 723 2737 your,
766 2689 814 2737 you
832 2672 920 2721 defend
931 2670 1006 2758 'this'
1040 2674 1154 2723 Wesenb.
1173 2674 1219 2722 has
1239 2677 1281 2722 ‘tu
1301 2674 1343 2735 qui

145 2737 724 2854 tt.{illl·¹'¹tltt;¹;.‘.l¹.‘lf¹.lttssl¹zl
766 2737 1345 2870 {23:¹22thrrhl‚l3t.⁰tltlltlh¹ttll

145 2869 316 2933 complaining
327 2868 356 2916 ol
364 2868 473 2918 Cicero's
483 2871 613 2920 strictness.
766 2867 868 2928 scribis,’
881 2868 955 2918 ‘how
967 2886 1012 2919 can
1025 2887 1074 2934 yon
1086 2868 1145 2934 say!

181 2949 201 2983 r.
219 2938 360 2992 Equidem
372 2971 378 2981 .
392 2972 397 2982 .
409 2939 539 2994 experiri,
558 2936 587 2984 ‘I
605 2935 667 2983 have
684 2950 724 2982 ex·
798 2937 919 2992 Aliquid
925 2939 1050 2998 perdere,
1061 2942 1103 2986 ‘to
1114 2945 1160 3001 put
1166 2951 1200 2999 up
1209 2935 1269 2985 with
1275 2951 1345 2985 some

145 3000 213 3049 erted
223 3000 313 3063 mysell
320 3002 344 3048 in
353 2998 467 3064 ellecting
475 3001 621 3064 everything
630 3001 642 3049 1
650 3000 724 3049 could
766 2998 832 3050 loss'

147 3067 170 3113 in
188 3081 230 3128 my
248 3067 372 3129 province,
390 3066 439 3114 and
456 3067 480 3114 in
498 3069 646 3130 attempting
659 3066 694 3114 all
711 3066 724 3113 I
802 3080 839 3126 13.
858 3069 937 3115 Fieri
952 3081 1011 3115 non
1027 3071 1145 3125 poterat.
1164 3069 1295 3133 ‘payment
1311 3082 1344 3116 on

146 3130 220 3181 could
232 3132 257 3179 in
268 3132 309 3180 the
320 3130 502 3195 neighbouring
513 3129 650 3196 kingdom)
766 3132 827 3182 such
838 3140 913 3180 terms
924 3148 976 3181 was
987 3132 1148 3198 impossible!

182 3211 203 3244 a.
223 3199 260 3245 In
288 3211 383 3255 regno,
412 3212 446 3246 sc.
477 3198 658 3257 Ariobarzanis,
684 3197 723 3244 ‘in
802 3198 1347 3264 14.Scaptiumpaenitere.‘thatScaptins

147 3260 325 3326 Cappadocia.²
359 3263 405 3326 Cp.
422 3263 464 3311 Ad
480 3264 534 3312 Au.
552 3278 573 3327 5.
590 3266 627 3325 18,
646 3276 656 3310 1
675 3263 725 3311 and
767 3263 788 3312 is
799 3279 867 3325 sorry
879 3263 917 3312 sor
928 3264 967 3313 bis
978 3264 1165 3314 covetousuess.’

148 3345 179 3391 4;
198 3343 219 3391 5.
234 3342 272 3384 ao.
285 3327 308 3375 6.
801 3332 875 3377 Nam
886 3334 1197 3389 quod..eumpeerant,
1213 3330 1265 3379 ‘lor
1279 3347 1307 3380 as
1319 3339 1346 3381 to

181 3407 203 3453 3.
220 3396 276 3450 ugr
291 3407 355 3442 oum
372 3408 438 3450 rege
457 3431 464 3443 .
483 3429 488 3441 .
507 3397 626 3455 scilieet,
645 3394 725 3444 ‘have
768 3395 810 3444 the
822 3403 952 3444 statement
964 3395 1018 3446 that
1036 3398 1086 3460 (cp.
1100 3397 1146 3459 Ep.
1161 3395 1200 3451 26,
1215 3413 1236 3455 2,
1249 3400 1318 3446 notel
1331 3414 1347 3446 a

148 3459 220 3506 mado
232 3459 437 3522 representations
450 3465 477 3507 to
489 3459 531 3509 the
541 3460 610 3523 iring,
623 3461 672 3508 and
684 3476 726 3509 am
767 3461 853 3509 dccree
864 3460 893 3508 ol
902 3460 944 3510 the
955 3470 1039 3512 senate
1050 3461 1169 3526 legalized
1182 3462 1224 3511 the
1233 3463 1348 3526 bringing

147 3524 199 3572 still
221 3525 323 3586 making
345 3524 459 3573 thern—I
482 3542 553 3575 menn
583 3527 616 3589 by
638 3525 726 3575 letter!
768 3526 797 3574 ol
806 3542 837 3573 en
849 3526 930 3574 action
943 3528 1021 3576 under
1031 3528 1085 3576 that
1099 3529 1151 3583 bill.
1164 3529 1176 3577 1
1188 3544 1281 3577 answer
1291 3529 1347 3578 that

148 3591 211 3639 ‘Per
244 3589 340 3639 litteras
370 3589 478 3639 scilicet’
507 3602 612 3640 corrects
641 3591 726 3639 ‘omni
769 3592 810 3640 the
822 3592 907 3641 decree
918 3608 969 3640 was
980 3594 1068 3656 passed
1086 3594 1189 3644 because
1205 3596 1247 3643 the
1258 3595 1348 3659 people

149 3654 241 3705 modo!
275 3657 355 3706 ‘Cum
368 3654 486 3719 rege,'sc.
499 3658 671 3706 Ariobarzane.
769 3657 797 3705 oi
805 3656 912 3706 Salamis
923 3658 973 3706 had
987 3660 1115 3708 borrowed
1130 3675 1221 3723 money
1232 3661 1257 3709 in
1269 3661 1348 3708 viola·

769 3723 1065 3853 natamus
1080 3724 1292 3841 mitrii·
1305 3726 1349 3840 le

182 3857 366 3903 'l'urbulentis
386 3855 415 3900 iu
434 3857 526 3912 rebus,
549 3854 638 3902 ‘while
658 3854 727 3903 there
769 3854 854 3903 lender
870 3855 920 3903 und
942 3854 984 3905 the
1003 3856 1093 3921 peoplc
1110 3855 1140 3905 ol
1159 3808 1275 3906 Salamisp
1285 3857 1349 3905 from

150 3935 200 3968 was
222 3919 333 3967 disortler
355 3919 380 3967 in
403 3918 442 3967 his
464 3918 581 3983 country!
615 3920 663 3984 Cp.
686 3920 728 3967 Ad
770 3918 1347 3986 penaltieslorlendingandborrowingata113

151 3985 221 4033 Fam.
236 3998 273 4045 15.
288 3998 308 4039 a,
320 3982 385 4046 4·⁶;
402 3984 444 4032 Ad
457 3986 510 4034 Art.
523 3998 545 4047 5.
560 3999 597 4044 ao,
611 3984 634 4035 6.
770 3992 814 4034 not
837 3993 864 4033 to
883 3987 1009 4036 authorize
1027 4004 1059 4036 an
1079 3988 1232 4051 exceptional
1255 3996 1305 4036 rate
1323 3987 1354 4035 of

183 4047 206 4096 6.
225 4052 291 4098 Moe
310 4064 403 4109 neusa,
423 4053 484 4100 ‘out
501 4050 529 4099 ol
547 4050 728 4102 consideration
772 4052 877 4100 interest.
904 4052 925 4101 C
947 4052 1008 4116 .Ep.
1021 4052 1184 4114 56‚12,note.
1215 4054 1350 4116 ltnppears

150 4113 255 4163 forme!
772 4116 830 4165 then
848 4116 901 4165 that
919 4068 961 4167 the
976 4117 1117 4181 govemor's
1134 4118 1200 4167 edict
1220 4117 1284 4166 fixed
1308 4117 1350 4166 the

186 4192 207 4242 7.
228 4183 293 4239 Sua,
313 4180 366 4229 ‘lor
382 4181 421 4229 his
439 4197 494 4229 own
511 4180 628 4242 interest,’
647 4181 730 4232 which
772 4190 825 4231 rute
837 4182 866 4231 ol
879 4183 978 4233 interest
990 4184 1070 4233 which
1082 4183 1157 4231 could
1174 4185 1204 4231 be
1220 4183 1351 4232 recovered

151 4245 234 4294 would
260 4247 291 4296 be
315 4247 446 4311 promoted
471 4249 504 4311 by
520 4246 560 4297 his
576 4249 667 4313 paying
691 4249 730 4297 his
773 4265 805 4296 on
817 4247 851 4296 all
864 4257 987 4298 contracte
1001 4249 1080 4297 which
1094 4249 1193 4298 became
1207 4248 1313 4310 subjecte
1325 4248 1354 4297 ol

151 4312 229 4360 debts.
772 4313 897 4375 litigation
915 4315 1006 4377 during
1022 4315 1060 4363 his
1077 4330 1134 4377 year
1151 4313 1180 4361 ol'
1194 4314 1272 4372 office,
1290 4330 1350 4363 even

187 4391 224 4428 ro.
236 4380 399 4433 Perpetule;
409 4394 448 4443 cp.
456 4378 504 4442 Ep.
513 4376 553 4439 36,
564 4392 603 4441 13,
614 4379 731 4428 ‘without
773 4378 796 4427 il
809 4379 851 4428 the
866 4388 988 4429 contructs
1004 4380 1054 4429 had
1071 4380 1132 4429 been
1143 4379 1280 4430 concluded
1298 4396 1350 4444 pre·

152 4442 293 4506 compound
306 4443 420 4493 interest!
772 4444 878 4509 viously.

189 4520 226 4558 11.
245 4511 400 4559 Renovetis
408 4510 726 4575 quotannIe,probably=
808 4521 846 4577 ιγ.
863 4513 939 4573 Auli,
953 4526 986 4561 sc.
999 4508 1109 4561 Gabinii.
