3030 5542
127 312 173 357 sn.
192 290 258 383 29.]
474 294 541 356 AD
561 294 860 356 FAMILIARES
880 296 910 359 I.
935 313 964 378 9.
1259 314 1321 382 209

124 467 230 533 solere
244 489 316 533 esse
333 468 423 532 civis.
466 466 638 533 Tenebam
660 468 819 533 memoria
837 470 933 535 nobis
949 469 1139 535 consulibus
1154 490 1193 534 ea
1209 468 1325 533 funda-

125 584 237 637 menta
259 573 346 637 iacta
368 573 433 636 iam
458 593 501 636 ex
525 572 688 636 Kalendis
711 572 870 637 Ianuariis
892 572 1109 638 confirmandi
1132 585 1273 650 senatus,
1289 586 1325 638 ut
1351 658 1353 662 Ι

125 678 290 742 neminem
315 677 424 741 mirari
455 687 625 760 oporteret
656 677 764 741 Nonis
799 678 973 743 Decembr.
996 688 1126 742 tantum
1149 678 1201 742 vel
1223 678 1325 742 animi

124 780 224 845 fuisse
247 782 280 844 in
303 780 361 844 illo
378 782 495 845 ordine
512 781 563 844 vel
583 782 805 858 auctoritatis3
829 782 984 865 idemque
1001 783 1213 846 memineram
1230 782 1326 845 nobis

123 885 260 968 privatis
275 904 378 967 usque
393 886 436 948 ad
454 884 630 949 Caesarem
647 896 681 950 et
705 884 859 949 Bibulum
875 886 1035 963 consules,
1052 906 1127 950 curn
1143 887 1354 952 sententiaes

123 1000 257 1054 nostrae
277 1009 435 1072 magnum
456 988 490 1051 in
511 991 780 1072 senatupondus
798 988 967 1066 haberent,
985 1010 1086 1054 unum
1104 988 1170 1054 fere
1193 1010 1325 1053 sensum

76 1110 110 1156 1³
125 1091 224 1157 fuisse
238 1093 401 1157 bonorum
418 1093 577 1156 omnium.
625 1092 753 1169 Postea,
769 1113 844 1157 curn
869 1103 904 1157 tu
927 1093 1123 1175 Hispaniam
1139 1093 1326 1156 citeriorem

124 1217 201 1261 cum
225 1197 366 1279 imperio
387 1197 551 1260 obtineres
574 1217 681 1280 neque
700 1217 750 1261 res
772 1197 907 1278 publica
929 1197 1081 1261 consules
1103 1196 1251 1274 haberet,
1266 1198 1325 1260 sed

124 1311 325 1366 mercatores
340 1300 581 1383 provinciamm
598 1312 632 1364 et
652 1302 852 1365 seditionum
877 1321 986 1365 servos
1005 1322 1043 1365 ac
1060 1301 1235 1375 ministros,
1250 1301 1326 1365 iecit

123 1404 260 1487 quidam
275 1424 371 1468 casus
383 1413 484 1486 caput
500 1424 610 1468 meum
623 1405 716 1486 quasi
732 1406 921 1468 certaminis
932 1424 1031 1468 causa
1046 1405 1078 1467 in
1095 1404 1238 1468 mediam
1249 1424 1326 1468 con·
1343 1422 1372 1458 10

123 1509 306 1573 tentionem
324 1509 628 1590 dissensionemque
639 1507 770 1572 civilem
785 1532 793 1585 ;
816 1529 882 1590 quo
899 1508 932 1571 in
944 1507 1131 1572 discrimine
1146 1527 1222 1570 cum
1237 1506 1326 1569 miri·

125 1612 187 1676 fica
199 1622 342 1687 senatus,
355 1611 552 1675 incredibilis
566 1609 684 1676 Italiae
695 1612 806 1689 totius,
817 1611 990 1693 singularis
1002 1612 1150 1675 omnium
1162 1611 1326 1674 bonorum

123 1716 295 1779 consensio
316 1715 350 1778 in
368 1734 422 1777 me
444 1715 569 1778 tuendo
592 1714 786 1791 exstitisset,
803 1736 868 1779 non
888 1715 1004 1790 dicam,
1024 1715 1104 1797 quid
1127 1715 1327 1778 acciderit—

124 1818 304 1883 multorum
328 1828 378 1883 est
401 1819 489 1883 enim
512 1828 544 1882 et
567 1819 657 1882 varia
680 1819 830 1901 culpa—‚
849 1829 979 1883 tantum
1003 1819 1112 1882 dicam
1135 1819 1236 1894 brevi,
1260 1838 1325 1882 non

125 1922 204 1986 mihi
230 1923 413 1987 exercitum
441 1923 499 1986 sed
522 1923 622 1986 duces
646 1921 799 1987 defuisse.
855 1923 894 1985 In
916 1944 992 2006 quo,
1016 1934 1051 1987 ut
1075 1925 1141 1986 iam
1165 1923 1263 1987 sitin
1286 1922 1372 1990 iis1⁵

124 2026 231 2110 culpa,
253 2027 309 2109 qui
333 2047 387 2090 me
410 2046 476 2089 non
499 2025 727 2104 defenderunt,
749 2047 815 2091 non
838 2027 944 2090 minor
967 2026 1071 2090 estin
1094 2027 1143 2101 iis,
1166 2028 1221 2110 qui
1251 2026 1327 2091 reli·

123 2140 275 2213 querunt,
292 2140 337 2207 et,
351 2130 379 2193 si
402 2130 578 2195 accusandi
596 2141 684 2208 sunt,
703 2130 730 2193 si
750 2130 805 2214 qui
830 2132 1081 2213 pertimuerunt,
1097 2132 1204 2214 magis
1224 2133 1325 2196 etiam

123 2233 393 2317 reprehendendi,
409 2234 436 2298 si
459 2234 516 2316 qui
538 2254 574 2298 se
596 2234 715 2298 timere
734 2234 951 2298 simularunt:
976 2234 1056 2298 illud
1080 2236 1215 2317 quidem
1237 2244 1326 2301 certe

124 2348 273 2402 nostrum
297 2336 468 2400 consilium
492 2337 561 2401 iure
583 2336 788 2402 laudandum
806 2348 865 2415 est,
881 2338 938 2419 qui
962 2358 1054 2402 meos
1070 2339 1157 2402 cives
1180 2349 1212 2402 et
1235 2359 1326 2402 ame

124 2451 335 2506 conservatos
363 2451 398 2505 et
429 2461 483 2505 me
512 2462 642 2506 servare
673 2442 849 2524 cupientes,
872 2441 1032 2524 spoliatos
1064 2442 1202 2506 ducibus
1224 2444 1326 2507 servis
1343 2462 1374 2499 20

123 2545 257 2610 armatis
280 2545 378 2609 obiici
406 2546 566 2609 noluerim
590 2544 814 2628 declararique
838 2543 1018 2622 maluerim,
1033 2556 1158 2627 quanta
1180 2546 1229 2608 vis
1255 2566 1327 2610 esse

158 2693 179 2728 1.
198 2684 341 2730 'tenebam
364 2685 500 2730 memoria
523 2717 529 2730 .
553 2719 559 2730 .
582 2683 702 2731 auotori-
753 2697 796 2743 say
807 2680 874 2729 what
893 2680 968 2729 result
986 2679 1109 2739 followed,
1129 2696 1156 2729 ns
1172 2681 1226 2731 thot
1242 2682 1328 2730 would

122 2751 199 2806 tatis,
213 2746 241 2794 ‘I
253 2747 418 2796 remembered
435 2747 489 2796 that
505 2747 530 2795 in
547 2762 589 2810 my
606 2745 703 2796 consul·
752 2746 851 2795 involve
867 2745 910 2794 the
926 2760 1026 2796 censure
1043 2747 1072 2795 of
1084 2762 1160 2810 many
1178 2747 1203 2795 in
1228 2747 1327 2797 various

123 2811 180 2876 sbip
192 2812 357 2861 suehsbasis
369 2828 420 2861 was
431 2812 483 2861 leid
495 2828 527 2860 on
545 2812 588 2862 the
605 2811 657 2862 first
674 2813 704 2861 of
752 2809 869 2876 degrees.’
1365 2829 1367 2832 ⁴

123 2877 283 2941 anuaryfor
298 2894 313 2927 a
330 2877 384 2926 firm
401 2879 512 2941 position
529 2883 556 2927 to
574 2878 604 2927 be
621 2879 699 2926 mnin-
786 2890 823 2938 15.
841 2881 942 2926 Duoes.
977 2876 1019 2926 He
1028 2876 1185 2941 complained
1193 2875 1327 2941 especially

122 2943 207 2991 tsined
218 2944 251 3006 by
262 2943 305 2992 the
315 2950 407 3001 senate,
420 2944 474 2992 that
485 2958 572 2992 noone
583 2942 661 3007 ought
673 2949 700 2992 to
751 2943 781 2992 of
788 2943 820 3006 Q.
832 2943 917 2991 Anius
929 2943 978 2991 and
990 2943 1021 3006 Q.
1035 2943 1190 2992 Hortensius.
1224 2944 1273 3007 Cp:
1284 2943 1326 2992 Ad

124 3009 225 3057 wonder
250 3016 275 3057 nt
297 3008 339 3057 the
361 3009 432 3072 spirit
454 3009 535 3057 which
557 3009 610 3057 that
633 3008 700 3072 body
751 3009 783 3072 Q.
796 3009 824 3056 F.
840 3023 860 3056 1.
874 3022 897 3069 3,
910 3009 940 3068 8;
958 3008 999 3058 nd
1016 3009 1069 3058 Att.
1088 3023 1111 3072 3.
1129 3024 1152 3073 9,
1174 3023 1203 3067 23
1220 3008 1281 3058 Intr.
1298 3015 1326 3058 to

123 3072 234 3148 showed,
247 3074 296 3122 and
307 3082 332 3122 at
344 3073 386 3121 the
398 3074 522 3138 authority
533 3073 615 3157 which
628 3075 646 3123 it
658 3090 699 3122 en·
750 3075 807 3122 Part
819 3074 841 3134 1,
854 3077 867 3132 5
882 3086 920 3123 rr.

121 3139 699 3255 ttrssrhhirildissimilitas
750 3138 901 3254 ...hdr
915 3154 960 3253 mi
973 3140 1327 3269 tradiderim&

124 3270 153 3318 of
173 3268 301 3319 Catiline's
322 3270 494 3334 accomplices
529 3270 576 3333 Cp.
594 3271 653 3319 Intr.
671 3278 699 3318 to
749 3270 884 3328 allusions;
913 3270 1018 3319 Ithink
1039 3271 1094 3333 ‘qui
1113 3286 1153 3319 me
1172 3285 1222 3318 non
1244 3270 1325 3319 defen·

124 3334 182 3385 Part
192 3335 213 3394 1,
227 3339 240 3394 5
255 3349 293 3384 11.
749 3332 853 3395 demnt,'
869 3335 919 3384 and
937 3336 1042 3399 perhaps
1058 3336 1116 3400 ‘qui
1133 3333 1325 3400 pertimuerunt‚'

158 3410 179 3464 7.
198 3402 307 3450 Pontos
332 3401 361 3450 In
370 3402 401 3463 58
411 3411 463 3450 nc,
490 3399 699 3450 Lentulnsseems
748 3401 810 3449 refer
829 3406 856 3449 to
876 3401 918 3450 the
935 3401 1034 3451 consuls
1050 3401 1098 3449 and
1116 3400 1243 3466 Pompey;
1270 3400 1326 3466 ‘qui

123 3472 150 3515 to
167 3466 230 3514 have
246 3467 307 3515 been
325 3476 423 3529 praetor
440 3467 465 3513 in
481 3464 699 3521 601³.c.,andto
748 3464 913 3529 reliquerunt’
942 3466 991 3515 and
1021 3467 1055 3515 ‘si
1089 3467 1131 3531 qui
1164 3463 1326 3515 simulnmnt'

123 3530 186 3580 bove
198 3531 313 3580 obtained
320 3532 362 3580 the
371 3538 530 3595 govemment
539 3531 570 3580 of
575 3531 700 3596 Hispania
747 3539 775 3580 to
787 3531 828 3580 the
846 3531 940 3580 leaders
957 3531 987 3580 of
998 3532 1040 3581 the
1057 3533 1195 3596 optimates
1225 3531 1326 3590 Biickel,

124 3597 231 3646 Citerior
242 3606 300 3645 next
311 3612 369 3660 year
379 3597 487 3662 through
498 3595 611 3647 Caesar's
627 3596 697 3645 influ-
748 3597 869 3656 however,
893 3596 975 3646 thinks
998 3597 1052 3645 thnt
1076 3598 1132 3662 ‘qui
1162 3594 1325 3662 reliquerunt'

123 3677 190 3711 enoe.
224 3662 271 3726 Cp.
284 3664 356 3712 Caes
369 3662 430 3711 Bell.
443 3663 498 3711 Civ.
513 3676 533 3711 1.
547 3675 586 3710 υ.
749 3662 822 3710 refers
834 3670 860 3711 to
873 3663 991 3726 Pompey.

157 3741 181 3791 9.
200 3725 397 3776 Kamstores.
421 3765 428 3778 .
449 3730 602 3787 ministros,
628 3727 700 3775 ‘men
785 3726 822 3776 18.
842 3730 945 3776 Illud.
964 3731 1145 3788 .oon⁸sslnm,
1171 3731 1229 3792 ‘my
1255 3726 1326 3776 well·

123 3792 181 3841 who
192 3793 287 3857 bought
298 3794 427 3857 provinces
443 3793 477 3855 by
487 3793 554 3857 givin
584 3792 648 3842 their
658 3792 700 3840 aid
750 3792 841 3840 known
869 3791 1018 3842 resolution!
1052 3794 1103 3842 For
1131 3793 1181 3842 this
1208 3808 1278 3842 sense
1300 3792 1329 3841 of

122 3865 150 3907 to
161 3858 280 3907 seditione
291 3855 425 3921 practices?
452 3857 510 3907 Piso
521 3809 573 3907 and
580 3858 701 3908 Gabinius
752 3856 848 3914 ‘illud'
866 3874 906 3923 ep.
919 3857 1004 3907 Madv.
1016 3858 1064 3921 485
1077 3861 1101 3908 b.
1135 3860 1224 3907 Cicero
1240 3872 1325 3906 means

123 3923 241 3972 obtained
263 3923 412 3972 Macedonis
431 3923 480 3972 end
498 3923 569 3987 Syria
592 3922 700 3986 through
750 3922 790 3972 his
802 3922 934 3972 resolution
945 3931 973 3972 to
984 3924 1055 3972 retire
1067 3924 1130 3972 from
1143 3924 1231 3983 Rome,
1244 3921 1325 3971 rather

122 3988 165 4039 the
176 3988 295 4039 influenoe
307 3989 337 4037 of
344 3989 449 4039 Clodius
460 3989 485 4037 in
497 3995 566 4053 grem
580 4003 699 4038 measure.
751 3988 810 4037 than
822 3988 919 4037 involve
927 3987 1134 4052 hiscountrymen
1142 3988 1167 4037 in
1176 4005 1191 4037 a
1200 3986 1258 4037 civil
1264 4002 1323 4037 war.

122 4055 171 4118 Cp.
184 4054 243 4103 lntr.
255 4062 282 4102 to
294 4054 352 4103 Part
363 4054 411 4114 Ι,5
428 4068 464 4118 ¹9·
751 4053 799 4118 Cp.
812 4053 871 4102 Intr.
884 4060 912 4102 to
924 4055 981 4102 Part
993 4053 1013 4114 1,
1029 4059 1041 4113 5
1057 4068 1095 4103 20.

158 4133 197 4168 to.
216 4122 477 4175 Quuioertamints
494 4133 587 4180 osnes,
607 4120 699 4169 ‘asan
786 4133 824 4183 19.
843 4121 1105 4175 (turmarum
1136 4115 1325 4181 ‘Qui,'=‘cnm

123 4184 200 4250 epple
211 4185 240 4233 of
248 4183 363 4235 discord!
397 4184 471 4234 Wiel.
483 4184 585 4233 Billerb.
750 4182 815 4249 ego!
848 4185 896 4249 Cp.
908 4184 994 4233 Madv.
1007 4183 1064 4244 3⁶6.

159 4264 197 4300 11.
215 4252 346 4299 Eirinon
379 4249 410 4298 T.
423 4250 472 4298 and
489 4249 517 4298 B.
535 4249 598 4299 have
617 4250 697 4298 ‘miri-
785 4262 823 4300 no.
844 4253 940 4299 Servis
951 4254 1074 4299 umetis.
1104 4249 1232 4298 Acontem
1252 4253 1325 4295 tuons

123 4314 199 4366 tiens·
211 4315 260 4364 md
273 4314 455 4365 ‘oonsensns'
468 4316 493 4364 in
511 4315 528 4365 l.
543 4328 580 4377 13,
594 4315 654 4365 both
672 4315 701 4363 of
749 4314 899 4378 description
922 4315 952 4364 of
965 4314 1008 4364 the
1027 4313 1114 4364 rabble
1131 4313 1189 4362 who
1207 4263 1325 4363 followed

123 4380 205 4431 which
217 4381 281 4429 Prof
293 4380 390 4444 Tyrrell
402 4381 499 4445 adopts.
749 4380 860 4429 Clodius.

159 4459 197 4509 13„
214 4450 282 4525 Non
292 4448 525 4509 dloam..oulpa‚
541 4445 570 4494 ‘1
586 4445 640 4495 will
655 4452 699 4494 not
788 4452 792 4457 '

720 4543 741 4593 P
