3030 5542
205 801 271 870 540
548 788 599 853 M.
625 786 790 849 TULLII
808 785 1065 852 CICERONIS
1268 780 1375 872 [enar
1390 802 1422 849 v.

205 960 244 1010 lor
254 960 356 1010 himself
363 960 412 1010 and
424 959 463 1009 r'or
472 958 512 1009 his
523 959 603 1009 uncle.
638 969 661 1023 7.
681 958 728 1022 My
738 959 809 1008 visits
819 965 847 1008 to
858 958 960 1021 Antony
970 972 1034 1007 were
1048 956 1109 1020 only
1118 954 1179 1021 paid
1190 960 1234 1005 out
1246 954 1278 1005 ol
1287 962 1420 1019 oonneay,

206 1039 256 1088 aud
269 1039 282 1088 1
293 1046 384 1088 cannot
399 1038 475 1087 allow
491 1054 541 1101 any
556 1053 604 1087 one
617 1045 645 1087 to
659 1038 752 1088 dicate
766 1044 794 1086 to
810 1053 851 1086 me
865 1036 891 1085 in
907 1051 949 1099 my
964 1035 1052 1085 choica
1069 1035 1099 1084 ol
1111 1035 1217 1085 friends:
1233 1034 1330 1083 Caesar
1341 1048 1419 1083 never

205 1115 250 1166 did
267 1133 304 1166 so.
339 1119 361 1165 8.
380 1116 392 1165 1
410 1115 474 1165 shall
488 1115 611 1181 probably
626 1132 683 1180 pass
700 1115 743 1165 the
757 1122 807 1165 rest
824 1115 855 1164 ol
869 1131 911 1178 my
927 1113 969 1164 lile
982 1122 1008 1163 at
1024 1113 1135 1163 Rhodes.
1175 1112 1245 1167 lam
1260 1111 1372 1177 grateful
1386 1120 1416 1162 to

205 1193 338 1244 Trebatius
349 1194 387 1243 lor
397 1195 501 1259 making
511 1211 551 1245 me
566 1194 713 1260 acquainted
725 1195 786 1244 with
798 1209 860 1259 your
871 1193 1029 1258 disposition,
1041 1190 1091 1242 and
1102 1190 1205 1258 placing
1216 1207 1262 1240 our
1272 1190 1416 1255 friendship

206 1288 239 1323 ou
251 1289 267 1323 a
279 1273 361 1323 firmet
373 1272 477 1337 footing.

599 1393 734 1444 MATIUS
754 1392 926 1443 CICERONI
945 1392 1019 1445 SAL.

251 1528 410 1610 Magnam
426 1528 633 1610 voluptatem
651 1549 695 1591 ex
709 1528 776 1591 tuis
791 1526 909 1591 litteris
921 1527 1005 1609 cepi,
1015 1528 1116 1609 quod,
1127 1547 1228 1611 quam
1239 1544 1438 1609 speraramt

206 1642 308 1714 atque
324 1643 486 1714 optaram,
501 1631 623 1695 habere
638 1641 672 1695 te
688 1633 730 1696 de
747 1652 801 1695 me
816 1633 1004 1714 opinionem
1020 1632 1160 1713 cognovi
1173 1657 1181 1710 ;
1204 1633 1247 1694 de
1263 1650 1331 1713 qua
1349 1632 1411 1695 etsi

206 1755 272 1799 non
295 1735 500 1812 dubitabam,
516 1744 639 1814 tamen,
654 1737 732 1819 quia
752 1735 890 1798 maximi
913 1736 1142 1811 aestimabam,
1159 1745 1194 1798 ut
1218 1735 1412 1816 incorrupta

207 1850 364 1921 maneret,
382 1838 584 1903 laborabam.
610 1837 769 1903 Conscius
784 1850 897 1903 autem
914 1837 993 1901 mihi
1009 1858 1098 1902 eram
1113 1838 1195 1902 nihil
1210 1858 1230 1900 a
1247 1858 1300 1901 me
1317 1858 1411 1902 com-

177 1966 191 2015 5
207 1943 342 2006 missum
359 1964 440 2020 esse,
451 1944 542 2026 quod
558 1943 635 2006 boni
652 1943 846 2025 cuiusquam
859 1942 1040 2007 offenderet
1052 1943 1218 2005 animum:
1242 1963 1283 2006 eo
1299 1943 1411 2005 minus

206 2047 380 2111 credebam
397 2047 546 2127 plurimis
561 2056 662 2130 atque
677 2046 813 2130 optimis
829 2046 954 2110 artibus
970 2055 1088 2110 omato
1102 2045 1162 2109 tibi
1179 2056 1303 2109 temere
1315 2047 1410 2129 quic-

205 2170 306 2232 quam
321 2150 509 2233 persuaderi
525 2151 684 2233 potuisse,
700 2150 893 2233 praesertim
917 2151 950 2213 in
973 2170 1073 2232 quem
1095 2170 1169 2214 mea
1184 2169 1352 2233 propensa
1376 2160 1410 2214 et

206 2264 366 2337 perpetua
377 2253 490 2319 suisset
499 2264 600 2336 atque
612 2264 699 2319 esset
708 2254 952 2329 benevolentia3
975 2256 1066 2336 quod
1078 2255 1245 2337 quoniam,
1258 2264 1294 2317 ut
1305 2252 1409 2330 volui,

206 2358 273 2421 scio
290 2378 371 2433 esse,
383 2359 590 2441 respondebo
606 2359 805 2429 criminibus,
816 2359 935 2441 quibus
947 2369 984 2423 tu
997 2379 1057 2440 pro
1069 2380 1133 2436 me,
1146 2368 1183 2422 ut
1197 2379 1257 2441 par
1267 2367 1340 2422 erat
1351 2368 1409 2423 tua

163 2483 193 2519 ro
206 2459 361 2543 singulari
378 2463 527 2526 bonitate
542 2471 576 2525 et
590 2463 736 2526 amicitia
752 2471 873 2535 nostra,
890 2483 987 2546 saepe
1006 2463 1166 2528 restitisti.
1210 2462 1302 2527 Nota
1317 2463 1437 2527 enimn

206 2564 287 2627 mihi
312 2574 397 2642 sunt,
410 2586 496 2647 quae
518 2565 551 2628 in
575 2586 629 2629 me
651 2576 726 2648 post
750 2565 899 2631 Caesaris
922 2577 1064 2630 mortem
1087 2566 1301 2630 contulerint:
1324 2566 1409 2631 vitio

206 2667 286 2730 mihi
308 2670 400 2746 dant,
415 2670 506 2752 quod
530 2680 670 2732 mortem
689 2670 832 2733 hominis
854 2669 1025 2734 necessarii
1048 2671 1191 2752 graviter
1213 2669 1283 2733 fero
1305 2679 1409 2754 atque

206 2792 291 2846 eum,
301 2793 401 2855 quem
417 2773 531 2850 dilexi,
546 2774 670 2857 perisse
685 2772 855 2857 indignor;
878 2775 972 2837 aiunt
986 2775 1074 2837 enim
1087 2774 1228 2856 patriam
1238 2774 1408 2839 amicitiae

204 2877 469 2958 praeponendam
494 2897 573 2953 esse,
595 2878 736 2960 proinde
759 2898 797 2942 ac
820 2877 848 2939 si
871 2878 938 2940 iam
958 2878 1092 2943 vicerint
1113 2878 1241 2942 obitum
1263 2879 1336 2943 eius
1360 2880 1407 2943 rei

161 3000 190 3051 15
206 2980 358 3060 publicae
374 2980 472 3044 luisse
491 2981 617 3046 utilem.
641 2980 708 3045 Sed
720 3002 786 3045 non
803 3001 901 3065 agam
917 2990 1042 3045 astute:
1065 2981 1170 3046 fateor
1181 3003 1235 3045 me
1246 2983 1290 3045 ad
1303 2982 1406 3047 istum

204 3085 345 3167 gradum
362 3085 543 3168 sapientiae
561 3105 628 3148 non
644 3087 852 3166 pervenisse;
874 3105 979 3168 neque
995 3087 1084 3148 enim
1101 3086 1276 3151 Caesarem
1294 3086 1327 3149 in
1340 3088 1407 3152 dis·

204 3188 355 3252 sensione
370 3189 455 3253 civili
468 3209 540 3252 sum
556 3201 697 3269 secutus,
708 3191 767 3254 sed
776 3190 933 3268 amicum,
943 3211 1145 3274 quamquam
1158 3212 1193 3256 re
1201 3190 1406 3272 offendebat,

238 3358 261 3411 7.
278 3348 707 3412 Propama‘inclinedsscomrnon.
720 3351 780 3400 For·
863 3362 900 3412 14.
918 3352 1042 3399 Proinde
1057 3365 1089 3399 ao
1100 3353 1134 3411 ai,
1148 3349 1211 3412 ‘just
1223 3366 1250 3400 as
1261 3349 1296 3400 it'
1333 3353 1405 3403 ‘Per-

205 3415 262 3464 cell.
774 3478 781 3503 ‚
826 3414 896 3465 inde'
921 3416 942 3463 is
969 3431 1038 3465 more
1066 3431 1189 3466 common.
1230 3417 1277 3481 Cp.
1302 3416 1405 3484 Zumpt,

498 3484 506 3507 ,
722 3482 727 3493 .

205 3481 781 3596 addidit.iiittrriiviisiiiiili.
826 3480 1262 3611 L‘irtiirirfnynapmmx
1296 3548 1405 3598 norrun

204 3610 296 3671 causal,
316 3613 359 3660 hut
376 3613 417 3661 the
436 3613 598 3677 punctuation
618 3612 729 3676 adopted
747 3612 781 3675 by
826 3627 895 3661 sense
912 3612 942 3660 oi
957 3613 1081 3661 ‘sincere'
1100 3613 1178 3661 Andr.
1196 3620 1294 3677 quotes,
1311 3629 1405 3679 among

205 3676 289 3725 Baiter
306 3676 326 3724 is
343 3678 440 3741 against
457 3677 514 3726 thia.
548 3677 628 3726 luas
697 3686 737 3727 ent
755 3678 784 3726 oi
827 3678 897 3726 other
908 3693 1032 3742 passages,
1043 3678 1405 3741 ProCluent.44‚1a4‘vinoe

204 3740 299 3791 Sallust
313 3741 390 3804 (llist.
399 3759 423 3805 4.
434 3741 477 3805 55)
490 3758 527 3792 we
539 3741 610 3790 tind‘
669 3759 780 3806 aspares
826 3743 915 3793 deinde
931 3743 1011 3792 virum
1028 3745 1119 3792 bonurn
1132 3744 1205 3793 fuine
1218 3744 1405 3807 Oppianicum!

204 3807 329 3856 moenium
352 3805 515 3857 altitudine:'
534 3807 578 3856 but
597 3808 701 3857 Dietsch
722 3825 779 3858 con·
826 3809 868 3859 On
888 3809 929 3857 the
947 3815 1023 3869 tense,
1044 3825 1083 3873 cp.
1102 3809 1187 3858 Madv.
1205 3823 1269 3871 3493
1286 3810 1343 3859 also
1364 3810 1404 3859 Ad

204 3871 282 3922 sidem
294 3872 454 3922 ‘altitudine’
466 3881 493 3922 to
508 3873 624 3923 hethere
641 3873 735 3922 asorm
754 3875 783 3923 ol
826 3874 895 3923 Fam.
918 3874 956 3924 16.
977 3888 1002 3937 5,
1023 3889 1033 3923 1
1052 3882 1120 3923 ‘tam
1139 3883 1164 3924 te
1183 3875 1269 3939 diligit
1288 3877 1404 3941 quamsi

204 3938 247 3988 the
267 3938 357 4030 dative.
391 3940 528 4026 Lambinus
546 3940 598 4002 (ap.
611 3939 705 4000 Baiter)
723 3955 780 4003 sug·
824 3938 1019 3989 vixerittecnm.’
1166 4002 1189 4031 Ν
1254 4006 1259 4017 ¹
1329 4004 1336 4025 ,

205 4003 781 4135 statariaenunaunt
826 4009 1028 4137 ..aare
1049 4004 1404 4137 rettuderunt.-

206 4134 282 4211 ‘pro'
306 4136 383 4184 Andr.
396 4145 483 4200 quotes
494 4137 534 4186 De
546 4136 629 4185 Divin.
644 4151 666 4184 1.
679 4149 718 4199 55,
734 4149 781 4223 ¹¹⁴}
826 4137 914 4186 defend
931 4136 970 4187 his
986 4137 1092 4186 conduct
1109 4152 1142 4186 on
1159 4151 1206 4198 any
1218 4137 1288 4186 other
1305 4138 1403 4202 ground

204 4203 257 4249 ‘rta
273 4208 300 4250 ut
317 4203 487 4250 constantibus
503 4202 645 4251 hominibus
656 4218 701 4266 par
712 4209 764 4251 erat
826 4202 886 4251 than
906 4203 948 4252 the
967 4203 1018 4252 real
1040 4218 1087 4253 one
1106 4201 1136 4251 of
1154 4202 1194 4251 hia
1211 4202 1349 4268 friendship
1365 4203 1404 4252 sor

204 4282 233 4316 as
247 4283 263 4315 a
274 4267 379 4330 parallel
392 4282 504 4331 passage,
518 4267 562 4316 but
572 4268 661 4317 allows
673 4269 727 4317 that
738 4267 781 4318 the
826 4270 927 4318 Caesar.

204 4332 374 4382 combination
386 4334 407 4381 is
419 4350 479 4383 rare.
859 4337 951 4382 Istum
971 4336 1089 4390 gradum
1108 4335 1274 4394 saptentiae,
1295 4334 1371 4384 ‘such
1388 4350 1404 4384 a

239 4411 277 4447 ro.
295 4401 390 4448 Nota.
404 4398 536 4459 .m1nt,‘1
554 4416 594 4449 nm
611 4399 668 4448 well
686 4396 782 4450 auare!
826 4399 911 4463 height
934 4399 963 4448 ol
983 4397 1148 4464 philosophy,¹
1166 4414 1195 4447 as
1216 4405 1244 4448 to
1263 4399 1342 4464 prefer
1360 4400 1404 4450 the

204 4466 229 4579 gt
252 4464 314 4577 iliud
337 4465 366 4513 oi
385 4465 515 4515 attraction
538 4465 577 4514 sor
600 4470 701 4515 ‘notum
726 4464 780 4516 est!
825 4467 913 4516 claime
932 4465 960 4514 oi
976 4467 1018 4514 the
1037 4464 1105 4514 State
1126 4471 1154 4512 to
1175 4463 1247 4515 those
1268 4465 1298 4515 ol
1313 4466 1405 4516 friend·

222 4545 239 4578 u
275 4546 296 4579 e.
883 4569 889 4581 .

238 4546 324 4644 {nim
342 4595 417 4645 relers
436 4603 463 4645 to
483 4599 496 4656 5
517 4605 531 4658 7
552 4595 581 4645 oi
599 4595 643 4645 the
665 4597 779 4661 previous
824 4530 898 4646 Ι1111196.
916 4599 953 4644 In
976 4599 1151 4645 dlmonalom
1179 4598 1269 4653 oivill.
1292 4600 1337 4646 ‘aa
1361 4598 1404 4650 the

204 4662 282 4720 letter,
302 4670 346 4710 ‘ea
363 4669 390 4711 tu
407 4663 496 4711 sinon
513 4659 599 4711 audis'
633 4661 657 4711 lt
674 4678 732 4726 may
749 4665 779 4713 be
825 4662 888 4712 head
902 4663 986 4711 osone
998 4662 1050 4711 side
1061 4661 1086 4709 in
1098 4676 1114 4709 a
1124 4660 1182 4711 civil
1193 4660 1261 4710 war)

205 4726 564 4791 translated‘yes,certainly.‘
867 4738 904 4792 17.
934 4731 1110 4785 Quamquam
1152 4742 1184 4776 re
1228 4731 1403 4791 offendebat,

241 4805 277 4841 11.
297 4796 484 4852 contulerint,
499 4810 533 4843 sc.
548 4790 692 4843 'homines’
725 4793 780 4843 The
829 4793 938 4879 ‘though
961 4793 974 4842 1
997 4808 1047 4842 was
1073 4800 1118 4842 not
1163 4793 1246 4843 leased
1268 4795 1332 4845 with
1360 4797 1404 4847 the

205 4856 269 4920 conj.
282 4859 303 4905 is
319 4858 380 4907 used
397 4874 425 4907 aa
441 4859 650 4924 though‘notum
667 4857 780 4910 eat’had
826 4859 903 4908 allair.
952 4859 1053 4908 Billerb.
1095 4808 1205 4924 Periapa
1232 4858 1265 4910 lte
1293 4862 1404 4929 thought

204 4923 370 4987 gonebefore.
404 4924 483 4974 Andr.
826 4925 919 4976 Caesar
930 4925 1010 4990 might
1021 4925 1084 4975 hare
1094 4925 1168 4990 maen
1178 4940 1241 4992 way.
