3030 5542
194 387 255 449 218
541 394 590 452 M.
618 393 779 452 TULLII
800 393 1051 454 CICERONIS
1248 392 1342 474 [usur
1359 408 1393 449 11.

192 569 352 642 putarem.
399 560 518 644 Itaque
534 562 603 626 eius
619 562 709 627 omni
725 573 758 627 et
774 563 890 647 gratia,
902 582 988 644 quae
1002 583 1132 628 summa
1149 571 1206 640 est,
1218 572 1250 626 et
1266 561 1394 645 opibus,

192 684 275 745 quas
299 663 461 749 intellegis
484 687 556 730 esse
576 668 749 743 maximas,
763 668 810 730 sic
832 666 921 730 fruor
939 676 976 731 ut
995 668 1095 741 meis;
1118 688 1179 731 nec
1200 665 1279 729 mihi
1301 663 1396 729 aliter

193 768 340 849 potuisse
351 767 467 834 videor
479 768 649 833 hominum
662 771 866 854 perditomm
882 772 924 834 de
940 791 993 835 me
1010 770 1145 834 consilia
1161 769 1316 852 frangere,
1332 768 1395 831 nisi

192 890 270 933 cum
292 872 464 954 praesidiis
495 875 542 951 iis,
565 894 650 956 quae
672 894 802 957 semper
830 873 940 951 habui,
964 894 1049 938 nunc
1076 876 1176 939 etiam
1208 873 1394 957 potentium

163 1000 178 1050 5
192 972 455 1040 benevolentiam
471 978 723 1043 coniunxissem.
770 978 835 1041 His
850 998 913 1060 ego
929 978 1082 1056 consiliis,
1099 978 1125 1040 si
1142 988 1175 1041 te
1191 986 1394 1061 praesentem
1408 991 1445 1035 aa

192 1077 391 1158 habuissem,
414 1089 449 1145 ut
472 1081 585 1165 opinio
608 1102 682 1145 mea
708 1081 780 1157 sert,
803 1102 910 1146 essem
939 1102 1017 1144 usus
1040 1082 1185 1157 eisdem;
1208 1082 1283 1144 novi
1307 1080 1394 1144 enim

193 1184 448 1265 temperantiam
470 1194 502 1250 et
525 1186 785 1249 moderationem
805 1194 940 1249 naturae
960 1194 1047 1262 tuae,
1063 1184 1139 1248 novi
1155 1185 1304 1246 animum
1319 1202 1394 1246 cum

193 1286 273 1351 mihi
297 1287 541 1362 amicissimum,
558 1299 630 1352 tum
653 1287 743 1352 nulla
766 1288 799 1352 in
822 1298 950 1353 ceteros
974 1288 1204 1354 malevolentia
1227 1287 1395 1362 suffusum,

193 1401 373 1473 contraque
388 1412 464 1455 cum
481 1411 639 1475 magnum
656 1403 689 1456 et
704 1391 883 1467 excelsum,
895 1401 966 1456 tum
982 1392 1083 1455 etiam
1099 1400 1251 1474 apertum
1267 1400 1301 1455 et
1316 1390 1395 1454 sim·

150 1519 180 1555 ιο
193 1494 320 1576 plicem.
367 1495 447 1558 Vidi
471 1516 533 1577 ego
548 1497 712 1577 quosdam
734 1495 767 1558 in
787 1506 821 1559 te
838 1492 930 1569 tales,
947 1494 1062 1578 quales
1081 1504 1119 1558 tu
1142 1494 1277 1559 eosdem
1294 1494 1326 1556 in
1342 1513 1395 1557 me

193 1598 304 1662 videre
319 1599 475 1681 potuisti:
492 1618 578 1680 quae
594 1619 648 1662 me
663 1606 843 1675 moverunt,
857 1599 1038 1662 movissent
1052 1598 1170 1661 eadem
1186 1607 1220 1660 te
1236 1595 1394 1682 proiecto.

194 1699 271 1778 Sed,
283 1722 494 1784 quocumque
502 1711 653 1785 tempore
664 1701 744 1765 mihi
756 1710 903 1785 potestas
914 1701 1094 1785 praesentis
1104 1701 1152 1765 tui
1165 1698 1270 1777 luerit,
1283 1710 1319 1763 tu
1332 1700 1395 1763 eris

192 1806 342 1869 omnium
359 1807 548 1869 moderator
556 1805 764 1869 consiliorum
776 1825 925 1869 meorum
938 1827 946 1883 ;
969 1804 1029 1869 tibi
1041 1804 1103 1869 erit
1114 1805 1233 1883 eidem,
1244 1805 1295 1870 cui
1308 1801 1395 1867 salus

194 1928 269 1972 mea
288 1907 358 1982 luit,
374 1909 474 1972 etiam
495 1909 639 1991 dignitas
656 1929 764 1973 curae.
810 1909 867 1973 Me
889 1909 1022 1991 quidem
1038 1919 1126 1973 certe
1146 1918 1277 1972 tuarum
1293 1907 1395 1970 actio·

151 2042 180 2091 ¹5
194 2032 283 2090 num,
304 2013 549 2090 sententiarum,
566 2014 785 2090 voluntatum,
802 2033 910 2076 rerum
933 2013 1074 2095 denique
1096 2013 1245 2075 omnium
1267 2008 1393 2076 socium

193 2116 417 2198 comitemque
440 2115 587 2194 habebis,
604 2136 711 2199 neque
734 2115 814 2180 mihi
838 2116 872 2180 in
891 2116 982 2179 omni
998 2116 1065 2179 vita
1087 2137 1139 2180 res
1157 2126 1227 2180 tam
1246 2115 1306 2179 erit
1326 2113 1395 2179 ulla

194 2220 481 2304 proposita,quam
494 2230 531 2284 ut
542 2222 693 2303 quotidie
704 2221 931 2285 vehementius
940 2231 975 2285 te
987 2221 1029 2284 de
1041 2241 1094 2284 me
1104 2221 1232 2303 optime
1242 2221 1395 2284 meritum

195 2345 267 2389 esse
281 2324 413 2387 laetere.
459 2324 559 2407 Quod
575 2344 681 2407 rogas,
696 2333 733 2387 ut
751 2345 825 2387 mea
840 2325 903 2388 tibi
923 2325 1046 2407 scripta
1062 2323 1203 2401 mittam,
1217 2344 1304 2408 quae
1319 2336 1395 2407 post
1408 2348 1442 2394 aa

194 2427 376 2493 discessum
392 2437 486 2491 tuum
503 2428 696 2511 scripserim,
712 2438 788 2492 sunt
808 2428 973 2492 orationes
988 2427 1163 2510 quaedam,
1179 2448 1262 2511 quas
1278 2427 1395 2492 Meno·

151 2561 181 2597 ιο
195 2533 277 2596 crito
297 2532 395 2605 dabo,
416 2552 523 2615 neque
545 2533 590 2595 ita
610 2531 755 2610 multae;
778 2553 818 2595 ne
837 2531 1057 2614 pertimescas.
1103 2529 1225 2614 Scripsi
1251 2532 1396 2596 etiam—

228 2707 250 2755 3.
268 2695 424 2742 Hominum
440 2696 624 2756 perditorum,
637 2693 663 2743 in
681 2692 768 2758 primis
853 2706 890 2742 12.
908 2696 1122 2751 enimpotestas
1138 2729 1164 2742 ..
1182 2695 1277 2754 merit,
1292 2690 1320 2741 ‘I
1331 2690 1396 2742 shall

192 2758 286 2810 Clodii.
321 2759 421 2808 Billerb.
818 2757 1330 2823 baveanopportunityoimeetiugyou’
1347 2758 1394 2822 Cp.

227 2841 250 2888 4.
268 2828 339 2874 cnm
356 2827 521 2881 praesidiis.
534 2827 644 2874 habui.
680 2824 768 2874 Cicero
819 2825 862 2875 the
883 2825 1025 2889 expression
1049 2828 1211 2889 ‘potestatem
1238 2824 1276 2873 sui
1300 2821 1396 2884 acere:

193 2890 408 2967 reiers'probably
419 2899 446 2939 to
458 2890 500 2939 the
516 2891 665 2940 attachment
683 2888 712 2964 ol
726 2891 769 2968 the
820 2890 868 2954 Ep.
879 2904 916 2952 15,
932 2903 971 2953 15.

194 2957 392 3071 iiiiii?
400 2955 769 3071 iiiiiiiitittiii
819 2954 1396 3083 ..staiffitrtfnlt’atttriti

195 3087 220 3136 in
232 3087 274 3136 the
285 3097 388 3148 country
398 3093 486 3135 towns.
819 3086 898 3150 saiety
917 3086 969 3135 will
989 3101 1046 3135 now
1063 3086 1166 3150 provide
1185 3086 1224 3135 ior
1241 3101 1284 3149 my
1299 3086 1396 3149 dignity

228 3154 402 3213 Potentiam,
420 3151 449 3201 ol
465 3153 564 3213 Caesar,
584 3152 702 3217 Pompey‚
720 3151 769 3200 and
819 3152 890 3202 also!

194 3217 305 3268 Crassus
855 3231 893 3280 ¹4·
904 3220 1036 3276 manitas
1044 3217 1066 3267 is
1075 3233 1090 3266 a
1098 3215 1204 3266 difficolt
1210 3215 1278 3265 word
1285 3223 1312 3264 to
1318 3223 1397 3265 trans·

226 3281 250 3331 6.
268 3287 391 3333 Eisdem.
425 3282 488 3332 This
497 3280 568 3331 word
584 3297 661 3332 seems
675 3281 732 3332 bere
743 3289 771 3331 to
820 3281 1043 3348 late—‘position'
1070 3281 1183 3347 ‘general
1209 3282 1319 3346 respect,’
1341 3296 1395 3345 per·

194 3346 409 3413 mean⁴equally,'
423 3348 474 3397 ‘all
485 3348 527 3397 the
538 3346 621 3397 same?
655 3348 771 3398 lcannot
820 3349 884 3413 haps
895 3364 968 3398 come
978 3364 1037 3398 near
1047 3349 1079 3398 its
1090 3348 1212 3412 meaning.

194 3415 330 3465 remember
342 3430 373 3464 an
383 3422 453 3464 exact
462 3412 575 3477 parallel,
585 3413 676 3477 bntcp.
686 3414 771 3462 Madv.
855 3418 978 3463 hanam
993 3416 1137 3463 notionum
1153 3450 1160 3462 .
1179 3450 1185 3463 .
1203 3417 1338 3473 omnium,
1355 3412 1396 3461 ‘in

195 3483 260 3543 4883
274 3482 366 3545 Zumpt
378 3480 407 3529 L.
418 3481 450 3530 G.
466 3477 530 3538 68η
546 3479 596 3528 and
610 3479 729 3529 instanoes
746 3479 771 3527 in
821 3479 855 3528 all
868 3495 929 3543 your
941 3479 1081 3544 proposals,
1092 3480 1246 3543 expressions
1257 3477 1286 3527 oi
1295 3478 1397 3543 opinion

195 3546 301 3596 Forcell.
821 3546 870 3594 and
881 3546 978 3606 wishes,
991 3547 1016 3593 in
1027 3545 1096 3595 short
1107 3545 1133 3593 in
1144 3544 1303 3609 everything.’

229 3612 252 3660 8.
270 3614 359 3659 Nulla
371 3647 377 3659 .
391 3647 397 3660 .
409 3611 554 3670 suffusum
565 3610 727 3673 ‘concealing
737 3624 770 3658 no
857 3625 893 3675 19.
905 3615 1067 3661 Dieeessum
1074 3617 1165 3669 tuum,
1176 3614 1249 3673 ‘your
1255 3607 1395 3674 departure'

194 3676 287 3726 ill-will
305 3675 412 3724 towards
430 3674 472 3724 the
490 3682 537 3724 rest
553 3677 583 3725 os
596 3692 642 3726 our
659 3683 770 3737 country·
820 3683 847 3726 to
872 3692 970 3725 assume
994 3676 1035 3725 the
1061 3683 1222 3740 govemment
1250 3674 1277 3723 oi
1298 3674 1396 3728 Cilicia.

194 3739 266 3791 men.⁸
302 3738 441 3789 ‘suffusus’
461 3740 483 3788 is
506 3741 585 3806 rarely
601 3742 662 3791 used
678 3742 703 3789 in
720 3739 770 3789 this
821 3741 901 3792 which
911 3741 1074 3805 happenedin
1088 3753 1117 3804 57
1128 3757 1156 3790 or
1168 3741 1199 3804 56
1212 3753 1235 3791 u.
1244 3753 1269 3791 c,
1295 3740 1342 3805 Cp.
1350 3740 1397 3805 Ep.

194 3822 271 3866 sense,
290 3807 332 3855 but
348 3822 387 3870 cp.
403 3805 477 3854 Ovid.
489 3805 564 3856 Trist.
578 3821 600 3866 a,
612 3806 660 3871 565
671 3810 702 3856 ‘a
713 3806 770 3856 sali·
822 3821 861 3869 aa,
876 3821 903 3867 1;
922 3807 968 3870 Ep.
984 3820 1022 3867 υ,
1037 3822 1058 3865 a,
1071 3814 1137 3856 note.

195 3872 241 3921 bus
252 3871 349 3919 suffusis
361 3869 418 3920 selle
429 3871 523 3935 refugi!
854 3876 1011 3922 Orationes.
1044 3873 1129 3922 Those
1146 3871 1198 3920 still
1217 3878 1300 3921 extant
1323 3887 1397 3921 are-

228 3950 252 4000 9.
278 3940 457 3993 simplicem:
484 3936 622 3987 contrasted
644 3937 706 3986 with
728 3937 770 3986 the
820 3938 871 3987 Pro
889 3939 917 3987 P.
938 3938 1026 3998 Sestio,
1048 3938 1077 3986 ln
1099 3938 1233 3998 Vatinium,
1255 3937 1295 3986 De
1314 3936 1398 3986 Haru-

194 4000 357 4066 dnplicityos
369 4003 411 4051 the
424 4003 555 4067 ‘quidam'
569 4002 770 4069 presentlymen-
821 4005 917 4068 spicum
941 4004 1085 4067 Responsis,
1106 4003 1154 4051 Pro
1178 4003 1213 4051 M.
1237 4002 1332 4062 Caelio,
1357 4003 1397 4052 De

194 4068 288 4118 tioned.
820 4069 957 4119 Provinciis
967 4069 1153 4129 ConsularibuS,
1166 4069 1215 4117 Pro
1226 4068 1255 4116 L.
1269 4068 1355 4127 Balbo,
1367 4066 1397 4116 In

230 4146 268 4184 ιο.
289 4137 434 4190 Quosdam
456 4137 488 4183 in
512 4139 541 4183 te
566 4139 645 4196 talea,
672 4150 705 4184 sc.
729 4137 771 4182 ‘se
821 4135 850 4183 L.
861 4135 984 4195 Pisonem,
995 4136 1043 4183 Pro
1052 4135 1088 4183 M.
1098 4134 1191 4184 Scauro
1201 4133 1396 4197 (fragmentary),

227 4199 294 4248 rere?
328 4200 375 4264 Cp.
394 4198 479 4250 Madv.
497 4213 587 4261 300a;
608 4214 699 4264 324a3
721 4199 771 4247 and
822 4200 929 4250 ProCn.
941 4200 1051 4249 Plancio.

205 4281 234 4314 or
251 4266 294 4315 the
314 4265 373 4326 lact,
389 4265 438 4329 Ep.
452 4279 490 4323 at,
513 4267 592 4316 aand
610 4280 632 4328 3.
667 4265 771 4314 Bibulus
855 4268 1023 4315 Menocrito.
1057 4265 1119 4315 This
1134 4280 1192 4314 man
1207 4279 1286 4314 seems
1298 4270 1325 4313 to
1335 4263 1398 4314 have

195 4347 275 4381 seems
286 4338 312 4379 to
324 4332 355 4380 be
366 4330 501 4396 especially
512 4332 617 4381 referred
630 4340 663 4381 to.
821 4331 883 4381 been
901 4347 917 4380 a
934 4332 1060 4381 freedman
1081 4331 1110 4379 oi
1129 4331 1257 4392 Lentulus,
1274 4335 1319 4378 not
1336 4330 1397 4380 else·

231 4410 269 4446 ιι.
289 4400 368 4453 Quae
381 4400 525 4446 ..sedena
559 4398 599 4447 On
610 4397 651 4447 the
662 4397 771 4463 position
822 4397 904 4446 where
915 4396 1063 4446 mentioned.

196 4462 225 4512 oi
232 4461 301 4512 these
313 4478 445 4527 pronouns,
459 4478 498 4527 cp.
511 4462 594 4512 Madv.
608 4476 664 4528 ³²1·
857 4476 896 4511 ao.
914 4465 959 4511 Ne
970 4466 1159 4518 pertimescas.
1182 4462 1238 4526 Cp,
1255 4461 1293 4511 ior
1304 4478 1320 4511 a
1330 4461 1397 4511 aimi-

229 4530 392 4591 noverunt,
407 4527 573 4578 ‘influenoed'
823 4528 861 4577 lar
871 4527 1012 4578 affectation
1024 4528 1053 4577 oi
1065 4528 1185 4591 modesty,
1199 4526 1242 4577 Ad
1253 4527 1274 4577 F
1275 4544 1325 4579 am.
1338 4537 1361 4594 7.
1375 4542 1396 4589 1,
