3030 5542
221 374 262 435 94
569 353 617 415 M,
644 353 802 409 1151111
828 353 1082 412 CICERONIS
1285 349 1378 437 [aaut
1396 372 1418 413 1.

221 544 315 587 suum
334 523 544 607 potissimum
567 542 689 585 nomen
712 542 893 605 erumpere.
939 520 1040 604 Quod
1061 532 1173 586 autem
1197 542 1250 586 me
1272 523 1450 587 maximes

221 648 352 692 movere
372 627 513 703 solebat,
529 646 604 690 cum
626 626 803 690 audiebam
825 624 917 689 illum
938 625 1012 709 plus
1034 626 1124 709 apud
1144 634 1179 689 te
1197 647 1303 709 posse,
1318 648 1419 710 quarn

219 732 364 814 gravitas
380 732 472 795 istius
488 731 616 806 aetatis,
626 731 754 813 imperii
766 731 940 812 prudentia
952 729 1280 813 postularet-quam
1296 732 1420 796 multos

220 837 308 899 enim
333 856 462 899 mecum
487 835 594 918 egisse
617 845 725 917 putas,
746 845 782 898 ut
807 856 843 898 se
868 833 978 898 Statio
1001 836 1293 899 commendarem?
1319 857 1421 917 quam

192 939 325 1015 5multa
347 952 458 1004 autem
482 940 590 1022 ipsum
614 939 765 1020 ἀσφαλῶς
789 957 917 1002 mecum
946 940 980 1001 in
1001 957 1152 1003 sermone
1175 939 1222 1004 ita
1245 939 1421 1022 protulisse

220 1044 271 1107 ‘id
294 1044 374 1108 mihi
398 1065 464 1108 non
486 1041 631 1126 placuit;
655 1044 777 1120 monui,
800 1043 896 1119 suasi,
918 1040 1100 1107 deterrui?’
1125 1044 1244 1126 quibus
1268 1043 1301 1106 in
1323 1045 1422 1108 rebus

221 1148 352 1212 etiamsi
372 1147 514 1213 fidelitas
534 1168 665 1212 summa
684 1157 743 1226 est,
760 1148 850 1229 quod
869 1167 1002 1229 prorsus
1018 1148 1129 1224 credo,
1145 1148 1304 1228 quoniam
1320 1157 1357 1212 tu
1373 1149 1421 1214 ita

221 1253 355 1329 iudicas,
371 1262 483 1315 tamen
501 1252 626 1335 species
650 1251 720 1335 ipsa
743 1261 811 1314 tam
836 1250 971 1333 gratiosi
995 1250 1102 1315 liberti
1126 1261 1183 1315 aut
1205 1251 1289 1314 servi
1314 1252 1421 1335 digni·

219 1366 324 1419 tatem
340 1356 462 1420 habere
483 1355 606 1419 nullam
622 1363 744 1438 potest.
789 1353 906 1436 Atque
920 1354 984 1418 hoc
1002 1355 1049 1418 sic
1065 1354 1314 1418 habeto—nihil
1330 1356 1419 1419 enim

176 1488 207 1523 10
220 1479 280 1524 nec
298 1471 422 1523 temere
438 1460 545 1523 dicere
565 1479 625 1522 nec
645 1467 755 1522 astute
771 1459 907 1521 reticere
923 1459 1082 1535 debeo-,
1098 1458 1271 1522 materiam
1287 1479 1419 1522 ornnem

219 1583 408 1627 sermonum
430 1583 553 1639 eorum,
568 1563 624 1644 qui
645 1562 741 1624 dete
761 1560 933 1625 detrahere
953 1560 1084 1637 vellent,
1101 1560 1246 1626 Statium
1266 1563 1420 1639 dedisse3

220 1678 317 1734 antea
339 1676 469 1731 tantum
498 1664 642 1747 intellegi
665 1665 822 1748 potuisse,
847 1665 949 1728 iratos
970 1673 1048 1728 tuae
1069 1665 1235 1730 severitati
1258 1686 1329 1729 esse
1352 1687 1420 1730 non

220 1774 337 1850 nullos
352 1772 416 1834 hoc
431 1770 633 1834 manumisso
650 1769 742 1832 iratis
757 1770 847 1850 quod
863 1767 1074 1850 loquerentur
1088 1789 1155 1832 non
1169 1769 1319 1834 defuisse

264 1876 309 1942 II.
324 1875 423 1938 Nunc
436 1873 643 1956 respondebo
653 1875 696 1936 ad
707 1893 763 1935 eas
774 1872 1027 1955 epistolas,quas
1039 1872 1120 1935 mihi
1132 1873 1277 1936 reddidit
1287 1872 1326 1936 L.
1335 1871 1450 1939 Cae-4

177 2008 204 2058 1⁵
219 1982 295 2055 sius,
308 1980 369 2056 cui,
381 1978 539 2061 quoniam
551 1978 598 2041 ita
613 1987 647 2041 te
661 1976 746 2040 velle
762 1974 928 2060 intellego,
941 1976 1032 2040 nullo
1047 1975 1121 2040 loco
1133 1977 1233 2040 deero
1245 1997 1253 2055 ;
1277 1997 1418 2060 quarum

219 2084 323 2148 altera
338 2092 389 2146 est
404 2083 446 2145 de
462 2080 631 2145 Blaudeno
647 2079 808 2173 Zeuxide,
823 2100 922 2162 quem
938 2081 1051 2144 scribis
1071 2080 1287 2144 certissimum
1305 2082 1419 2144 matri-

220 2188 328 2252 cidam
340 2186 400 2249 tibi
417 2207 436 2250 a
453 2205 507 2249 me
519 2185 634 2248 intime
649 2185 882 2248 commendari.
928 2184 1004 2268 Qua
1016 2185 1059 2248 de
1075 2205 1109 2249 re
1124 2193 1159 2249 et
1171 2186 1213 2247 de
1224 2184 1287 2248 hoc
1298 2205 1420 2267 genere

219 2302 301 2369 toto,
317 2311 359 2353 ne
373 2289 458 2352 forte
474 2309 527 2352 me
542 2288 575 2351 in
591 2286 735 2352 Graecos
750 2297 819 2351 tam
835 2289 1047 2352 ambitiosum
1064 2289 1185 2353 factum
1202 2309 1273 2352 esse
1290 2289 1420 2366 mirere,

218 2415 325 2480 pauca
347 2412 516 2476 cognosce.
562 2392 638 2475 Ego
661 2413 735 2456 cum
758 2390 958 2457 Graecorum
978 2392 1129 2475 querelas
1151 2392 1290 2456 nimium
1311 2392 1421 2457 valere

255 2610 275 2645 1.
293 2598 378 2652 Quod
411 2601 522 2645 autam:
555 2611 587 2644 an
621 2594 795 2645 anacoluthon.
876 2610 899 2659 9.
920 2597 1002 2644 Nihil
1022 2633 1028 2647 .
1048 2629 1056 2648 .
1075 2611 1143 2646 neo:
1160 2611 1201 2660 cp.
1218 2611 1244 2661 p.
1256 2607 1295 2659 59,
1311 2600 1371 2644 note
1388 2610 1421 2644 on

221 2661 282 2712 ‘Id'
301 2661 386 2711 would
408 2661 440 2710 be
463 2676 531 2711 more
553 2661 656 2711 natural.
693 2661 794 2710 Billerb.
843 2661 862 2711 l.
875 2671 896 2723 7.

220 2729 275 2778 The
287 2727 363 2776 break
375 2727 400 2775 in
411 2728 453 2777 the
464 2728 628 2776 construction
637 2726 723 2790 begins
735 2726 796 2774 aster
879 2740 916 2776 10.
935 2730 1053 2776 astute:
1071 2742 1109 2790 cp.
1123 2727 1170 2792 Ep.
1185 2736 1224 2788 70,
1236 2722 1259 2785 ⁶,
1271 2732 1337 2775 note.

219 2791 390 2859 ‘postularet'
434 2793 484 2841 For
506 2809 521 2841 a
543 2792 679 2841 somewhat
700 2791 796 2841 similar
875 2795 1048 2842 Materiam.
1065 2829 1071 2841 .
1087 2796 1207 2850 dedisse,
1220 2791 1281 2841 ‘has
1292 2789 1420 2841 furnisbed

219 2860 394 2918 anacoluthon,
402 2873 440 2922 cp.
450 2859 479 2907 ln
487 2857 542 2907 Cat.
553 2873 574 2906 2.
583 2857 607 2918 6,
617 2870 661 2916 12.
680 2856 794 2906 Wesenb.
841 2858 877 2906 all
889 2858 931 2908 the
943 2857 1068 2907 materials
1079 2857 1117 2906 for
1127 2859 1170 2907 the
1181 2857 1292 2907 remarks
1307 2856 1336 2904 of
1348 2857 1420 2906 those

220 2925 304 2974 thinks
312 2925 366 2973 that
375 2939 406 2971 an
416 2923 532 2987 apodosis
543 2923 565 2971 is
575 2920 678 2986 implied
689 2923 714 2970 in
727 2924 794 2969 ‘ma·
841 2924 898 2972 who
910 2924 970 2972 wish
982 2931 1010 2971 to
1022 2939 1121 2972 censure
1131 2921 1198 2987 yon’
1231 2921 1272 2971 On
1288 2922 1330 2972 the
1341 2922 1419 2971 mood

218 2992 305 3041 teriam
324 3025 330 3037 .
347 3028 353 3039 .
374 2987 486 3048 dedisse‚’
498 3005 526 3037 as
538 2987 633 3051 though
645 2987 733 3036 Cicero
745 2985 795 3035 had
842 2988 871 3036 of
879 2991 885 3015 ‘
894 2987 1000 3039 vellent'
1011 3005 1051 3038 see
1063 2990 1110 3053 Ep.
1123 3003 1145 3051 5,
1159 2991 1183 3050 8,
1195 2996 1261 3038 note.

219 3054 335 3105 intended
346 3063 373 3103 to
384 3055 453 3102 write
470 3054 550 3118 ‘quod
563 3062 644 3102 autem
663 3089 669 3101 .
688 3090 695 3102 .
711 3052 737 3100 id
749 3051 794 3100 fuit
877 3067 914 3116 13·
931 3058 994 3104 Hoc
1010 3058 1198 3104 manumhso:
1223 3070 1263 3103 see
1280 3053 1328 3118 Ep.
1343 3067 1380 3113 12,
1401 3066 1423 3114 1,

219 3120 287 3186 quod
300 3120 429 3168 materiam
443 3118 536 3168 Statius
547 3115 631 3167 dedit.’
841 3126 907 3168 note.

253 3200 275 3246 5.
299 3183 432 3247 ἀσφαλῶς.
491 3183 599 3247 Perhaps
633 3190 794 3246 ‘unsuspect-
877 3189 965 3247 ¹4·1=·
986 3187 1107 3241 cassius.
1130 3192 1204 3249 agent
1227 3185 1256 3233 of
1272 3186 1304 3248 Q.
1323 3185 1423 3244 Cicero,

219 3251 304 3316 ingly.'
842 3250 892 3298 and
904 3251 1045 3300 mentioned
1057 3250 1099 3299 Ad
1111 3250 1142 3313 Q.
1155 3250 1184 3299 F.
1198 3265 1219 3299 1.
1237 3265 1256 3309 1,
1272 3264 1310 3314 14.

253 3320 300 3364 Ita
321 3318 481 3373 protulisse.
515 3312 617 3363 Baiter's
636 3315 794 3378 suggestion:
879 3330 917 3379 15.
936 3320 1024 3366 Nullo
1040 3319 1110 3372 loeo,
1124 3320 1171 3365 ‘on
1183 3331 1216 3364 no
1229 3316 1361 3366 occasion!
1396 3315 1422 3365 It

220 3391 261 3430 ‘to
283 3381 347 3430 have
369 3380 428 3429 used
455 3380 608 3456 expressions
635 3379 687 3428 like
708 3377 795 3430 these.'
842 3397 921 3432 seems
934 3381 1108 3431 arareuseof
1115 3381 1156 3429 the
1167 3381 1244 3431 word.

220 3448 274 3497 The
287 3447 342 3497 MS.
354 3447 399 3494 has
412 3444 551 3511 ‘potuisse’
563 3462 598 3496 sc.
611 3442 724 3495 ‘dicere'
878 3447 915 3497 16.
933 3451 1088 3497 Blandeno.
1115 3447 1240 3511 Probably
1250 3443 1422 3504 ‘ofBlaudus,’

253 3512 276 3561 6.
294 3516 330 3561 Id
347 3513 601 3562 manmena-rui.
636 3511 795 3575 Expressions
842 3519 937 3562 atown
949 3529 1008 3563 near
1019 3515 1127 3576 Ancyra,
1139 3513 1165 3561 in
1178 3511 1292 3576 Phrygia
1326 3510 1363 3561 Of
1371 3511 1423 3561 this

220 3578 251 3627 of
258 3578 352 3628 Statius
363 3577 462 3642 quoted.
844 3579 931 3628 Zeuxis
943 3579 1048 3642 nothing
1061 3593 1130 3627 more
1144 3593 1224 3627 seems
1238 3584 1265 3627 to
1276 3577 1421 3627 beknown.

254 3640 796 3702 Quibusinrebue,‘inwhichbehaviour’
843 3644 898 3694 The
919 3646 1075 3693 termination
1094 3641 1191 3692 ‘enus’
1208 3659 1289 3693 recnrs
1309 3642 1378 3692 often
1396 3642 1422 3692 in

220 3726 249 3759 or
262 3710 430 3773 ‘expressions
446 3724 507 3758 even
523 3709 545 3756 ii
556 3709 616 3758 used
627 3708 689 3757 with
702 3708 744 3757 the
758 3714 796 3756 nt·
844 3709 974 3773 adjectives
983 3709 1079 3759 formed
1088 3707 1150 3758 from
1159 3710 1201 3758 the
1209 3723 1295 3758 numa
1303 3707 1332 3757 ol
1341 3716 1423 3757 towns

220 3782 284 3824 most
296 3772 406 3838 fideliry?
843 3783 870 3825 to
883 3776 924 3824 the
934 3783 987 3825 east
997 3775 1026 3824 ol
1033 3775 1075 3823 the
1085 3776 1195 3839 Aegean.
1220 3775 1267 3838 Cp.
1276 3772 1423 3837 Abydenus,

255 3851 278 3904 7.
296 3843 417 3889 Etiamsi
428 3840 450 3888 is
461 3839 578 3889 followed
589 3841 623 3904 by
632 3840 674 3890 the
686 3839 769 3897 indic,
778 3837 801 3887 ii
843 3840 1033 3905 Lampsacenus,
1046 3840 1223 3904 Hypaepenus.

220 3908 262 3956 the
273 3906 401 3954 condition
418 3906 449 3954 be
463 3913 507 3954 not
522 3905 646 3970 expressly
657 3905 797 3971 negatived,
879 3920 917 3969 11·
935 3910 1050 3966 Intime,
1063 3904 1216 3969 ‘cordiaily,’
1233 3909 1240 3933 ‘
1248 3903 1423 3969 eamestly‚’-

220 3987 261 4022 see
272 3971 357 4019 Madv.
371 3971 427 4033 361,
439 3972 500 4021 Oba.
514 3986 535 4019 a.
843 3987 924 4022 arare
934 3973 1050 4035 meaning
1062 3971 1090 4020 of
1099 3970 1140 4020 the
1151 3971 1228 4020 word.

254 4040 396 4094 Quoniam
416 4044 450 4086 tu
469 4040 511 4086 ita
530 4039 648 4087 iudicas.
682 4037 797 4101 Quintus
826 4085 829 4091 ,
877 4041 919 4086 De
935 4041 989 4087 hoo
1006 4052 1107 4095 genere
1123 4043 1195 4097 toto,
1213 4043 1262 4085 ‘on
1278 4035 1329 4085 this
1339 4035 1423 4085 whole

221 4103 295 4153 refers
309 4112 336 4151 to
351 4102 393 4151 the
410 4102 504 4168 fidelity
516 4103 544 4151 of
558 4102 650 4153 Statius
666 4102 708 4151 Ad
725 4103 796 4152 Fam.
844 4101 952 4166 subject’
964 4103 993 4151 of
1005 4118 1047 4165 my
1056 4101 1174 4152 relations
1185 4102 1246 4151 with
1259 4101 1303 4151 the
1317 4100 1422 4151 Greeks.

223 4168 349 4229 16.16,a.
846 4166 1069 4219 ‘Genus'n‘res'
1103 4167 1208 4217 Foroell.

254 4235 276 4284 8.
295 4236 495 4292 Dignitatem.
515 4271 521 4284 .
538 4239 641 4294 potest,
659 4235 696 4282 ‘is
712 4233 796 4282 incon-
880 4238 917 4284 18.
934 4237 1134 4291 Ambitiosum,
1167 4234 1286 4281 ‘anxious
1312 4231 1352 4282 for
1380 4232 1423 4282 the

120 4347 125 4356 ,
220 4299 304 4349 sistent
321 4300 383 4348 with
402 4315 493 4364 proper
511 4299 662 4364 seli-respect
681 4315 714 4348 on
735 4314 797 4362 your
842 4300 911 4364 good
923 4300 1025 4362 opinion
1037 4297 1080 4349 of.'
1116 4298 1336 4363 Forcell.,Metzg.

238 4364 291 4420 art.'
313 4368 386 4429 ‘puts
401 4381 449 4429 yon
467 4365 493 4415 in
512 4366 579 4430 quite
598 4381 630 4415 an
645 4363 797 4429 undignified
879 4379 916 4429 19.
933 4368 1064 4414 Nimium
1078 4367 1181 4427 essere,
1202 4365 1280 4415 ‘bave
1294 4371 1339 4414 too
1349 4363 1424 4414 much

221 4382 301 4495 light’
323 4432 381 4495 Tyr.
427 4431 468 4480 On
489 4428 733 4489 ‘nullam'a‘non,‘
756 4444 797 4478 sec
844 4429 1084 4495 weightatRome.'
1144 4440 1145 4444 ’

222 4496 308 4547 Madv.
319 4511 376 4561 455,
388 4497 449 4548 Obs.
462 4509 485 4560 5.
