3030 5542
130 356 179 406 rr.
196 335 264 428 29.]
493 340 560 401 AD
580 338 880 402 FAMILIARES
897 341 927 403 I.
951 358 981 424 9.
1270 356 1331 422 207

130 510 257 576 bonum
280 511 387 575 civem
413 530 543 592 semper
568 508 747 585 habuisset,
773 511 897 574 bonum
923 512 1029 575 virum
1058 533 1128 577 esse
1154 521 1331 596 pateretur.

132 614 172 678 ln
188 615 253 679 illis
268 626 380 679 autem
398 614 480 678 meis
494 615 680 678 actionibus
698 615 934 697 sententiisque
953 616 1117 694 omnibus,
1132 638 1217 700 quae
1234 617 1333 681 Pom·

130 719 243 801 peium
257 719 453 783 videbantur
473 717 647 796 offendere,
664 729 827 783 certorum
846 718 1029 799 hominum,
1043 740 1128 801 quos
1146 721 1212 784 iam
1231 722 1333 785 debes

131 824 297 906 suspicari,
312 843 482 887 sermones
497 822 720 887 reserebantur
730 823 772 886 ad
791 843 865 902 me;
887 824 943 905 qui
959 845 1034 888 cum
1051 824 1106 888 illa
1125 826 1285 890 sentirent
1299 825 1333 889 in

130 948 166 990 re
177 927 319 1009 publica,
330 947 417 1009 quae
429 947 492 1009 ego
504 927 654 1010 agebam,
665 946 862 1010 semperque
874 929 1062 1006 sensissent,
1075 949 1129 992 me
1140 938 1252 993 tamen
1264 949 1331 993 non
1346 958 1361 1009 5

130 1031 331 1095 satisfacere
347 1031 507 1113 Pompeio
531 1030 774 1113 Caesaremque
798 1032 1058 1096 inimicissimum
1080 1032 1160 1096 mihi
1185 1031 1332 1098 futurum

130 1135 276 1217 gaudere
297 1156 333 1199 se
354 1134 498 1199 aiebant.
544 1135 627 1199 Erat
648 1135 712 1199 hoc
736 1136 815 1200 mihi
839 1134 1029 1213 dolendum,
1044 1139 1103 1202 sed
1127 1137 1232 1202 multo
1250 1137 1332 1203 illud

131 1238 245 1321 magis,
260 1240 351 1321 quod
368 1238 534 1304 inimicum
552 1259 819 1304 meum-meum
835 1247 972 1305 autem?
996 1242 1099 1305 immo
1114 1262 1191 1306 vero
1210 1241 1333 1325 legum,

132 1342 339 1417 iudiciorum,
358 1343 425 1418 otii,
444 1343 578 1425 patriae,
601 1343 763 1407 bonorum
785 1345 1025 1409 omnium-sic
1046 1345 1333 1428 amplexabantur,

131 1449 177 1512 sic
198 1449 232 1511 in
248 1448 399 1512 manibus
421 1447 599 1526 habebant,
613 1449 660 1511 sic
684 1446 850 1527 fovebant,
865 1449 912 1512 sic
936 1471 990 1513 me
1010 1460 1183 1533 praesente
1205 1450 1333 1514 oscula·
1349 1473 1379 1511 ιο

131 1551 260 1629 bantur,
277 1572 343 1615 non
368 1550 413 1614 illi
435 1552 569 1634 quidem
591 1563 628 1616 ut
651 1552 732 1614 mihi
755 1552 964 1616 stomachum
986 1553 1138 1630 iacerent,
1154 1574 1254 1636 quem
1270 1574 1334 1637 ego

130 1655 279 1719 funditus
299 1654 436 1738 perdidi,
452 1656 510 1719 sed
533 1664 621 1719 certe
645 1664 682 1718 ut
704 1651 808 1720 lacere
830 1676 866 1719 se
885 1657 1133 1721 arbitrarentur.
1180 1657 1245 1721 Hic
1260 1678 1333 1740 ego,

131 1770 292 1842 quantum
307 1759 454 1822 humano
470 1759 606 1823 consilio
620 1759 747 1823 efficere
763 1760 865 1842 potui,
878 1760 1125 1844 circumspectis
1140 1761 1239 1825 rebus
1251 1761 1334 1825 meis

132 1863 287 1927 omnibus
302 1863 549 1946 rationibusque
561 1864 733 1927 subductis
748 1884 912 1926 summam
922 1863 983 1927 feci
996 1865 1232 1945 cogitationum
1246 1885 1334 1930 mea-

87 1986 119 2031 11
133 1988 205 2029 rum
220 1967 377 2044 omnium,
387 1986 488 2048 quam
503 1967 573 2042 tibi,
585 1966 612 2029 si
628 1977 754 2050 potero,
770 1967 913 2031 breviter
927 1988 1105 2050 exponam.
1151 1968 1234 2051 Ego,
1246 1969 1273 2031 si
1288 1970 1333 2033 ab
1350 1994 1379 2044 ¹5

133 2071 293 2154 improbis
311 2081 344 2134 et
361 2071 497 2152 perditis
513 2069 639 2134 civibus
655 2090 724 2133 rem
741 2070 907 2154 publicam
923 2072 1026 2135 teneri
1037 2072 1193 2149 viderem,
1204 2073 1288 2136 sicut
1300 2081 1335 2138 et

134 2174 216 2237 meis
232 2174 436 2256 temporibus
459 2174 581 2238 scimus
603 2184 637 2237 et
658 2194 725 2238 non
745 2173 843 2238 nullis
860 2174 933 2239 aliis
955 2175 1123 2252 accidisse,
1143 2196 1209 2239 non
1232 2176 1334 2240 modo

132 2278 295 2360 praemiis,
311 2297 396 2359 quae
408 2278 498 2361 apud
516 2298 570 2341 me
585 2278 757 2341 minimum
770 2278 890 2355 valent,
899 2279 958 2342 sed
974 2300 1016 2344 ne
1031 2278 1182 2362 periculis
1197 2279 1334 2361 quidem

132 2382 322 2467 compulsus
345 2382 427 2459 ullis,
443 2383 561 2465 quibus
581 2393 692 2447 tamen
711 2395 884 2448 moventur
898 2385 998 2448 etiam
1020 2383 1190 2447 fortissimi
1206 2385 1276 2462 viri,
1291 2387 1335 2449 ad

132 2507 247 2551 eorum
264 2507 396 2551 causam
414 2507 466 2549 me
481 2488 707 2570 adiungerem,
718 2508 760 2551 ne
774 2488 801 2551 si
816 2508 947 2552 summa
960 2488 1093 2571 quidem
1105 2508 1217 2551 eorum
1233 2489 1265 2551 in
1282 2510 1336 2553 me
1350 2520 1381 2559 πο

133 2591 250 2655 merita
263 2599 460 2656 constarent
508 2588 593 2654 Cum
610 2602 722 2656 autem
736 2592 769 2654 in
785 2589 965 2676 republica
982 2591 1040 2656 Cn.
1055 2592 1233 2675 Pompeius
1248 2593 1336 2675 prin·

167 2792 188 2827 1.
205 2782 319 2827 Bonum
329 2779 431 2837 virum,
446 2779 544 2826 ‘arnan
556 2777 585 2826 ol
597 2777 709 2826 honour'
760 2774 837 2827 bant?
870 2775 977 2827 Forccll.
1011 2777 1036 2825 It
1054 2791 1134 2826 seems
1151 2781 1179 2824 to
1197 2776 1229 2825 be
1248 2792 1263 2824 a
1283 2791 1336 2827 rare

133 2845 158 2892 in
185 2843 303 2907 lulhlliug
325 2851 499 2907 engagements
520 2843 592 2892 made
614 2859 647 2892 on
669 2843 709 2893 his
760 2843 855 2907 phrase.

133 2909 224 2960 behall.
260 2909 308 2958 Mr.
321 2909 361 2957 W.
379 2909 420 2957 W.
439 2909 536 2958 Fowler
553 2909 638 2958 thinks
654 2909 708 2957 that
793 2911 1008 2958 Oseulabantur.
1043 2908 1093 2956 For
1109 2925 1124 2957 a
1141 2907 1235 2955 similar
1252 2922 1295 2956 use
1311 2907 1341 2957 of

132 2976 222 3025 Cicero
244 2990 302 3037 may
321 2975 383 3023 have
403 2974 452 3023 had
472 2975 497 3022 in
517 2973 556 3022 his
574 2974 643 3022 mind
666 2973 708 3023 the
762 2973 891 3030 ‘osculor,'
904 2989 942 3037 cp.
955 2973 1004 3023 Pro
1016 2974 1112 3023 Muren.
1127 2986 1164 3034 10,
1180 2987 1218 3034 ²3·

132 3056 237 3105 passage
253 3041 278 3088 in
296 3039 378 3089 which
394 3039 513 3089 Aristotle
528 3039 647 3089 discusses
666 3039 708 3088 the
796 3052 833 3086 11.
851 3042 919 3088 Non
937 3042 982 3087 im
999 3042 1115 3097 qnidam
1129 3076 1135 3088 .
1149 3041 1336 3089 arbitraren-

131 3108 245 3171 question
271 3104 381 3155 whether
403 3105 445 3155 the
464 3105 533 3169 good
556 3106 642 3154 citizen
660 3104 710 3153 and
760 3112 814 3163 tur,
830 3104 898 3153 ‘that
910 3104 968 3169 they
980 3104 1023 3153 did
1034 3112 1078 3154 not
1095 3104 1183 3153 indeed
1200 3105 1277 3154 excite
1295 3120 1337 3168 my

131 3173 174 3221 the
191 3172 257 3235 good
275 3186 332 3219 man
350 3187 391 3220 are
408 3170 531 3220 identical.
565 3171 621 3220 Pol.
643 3184 665 3231 3,
684 3185 708 3232 4
760 3170 1010 3219 wrath-iorlhnve
1019 3185 1082 3218 none
1090 3169 1209 3220 leit—but
1219 3170 1336 3234 certainly

132 3237 220 3287 Cicero
239 3252 291 3285 was
310 3237 421 3300 engaged
439 3235 500 3285 with
520 3236 558 3284 his
575 3234 644 3285 work
663 3236 709 3284 ‘de
760 3235 867 3299 thought
878 3235 936 3298 they
947 3235 991 3283 did
1002 3233 1047 3284 ao!
1082 3236 1132 3285 For
1142 3236 1184 3285 the
1193 3236 1300 3298 position
1310 3235 1340 3284 of

132 3318 159 3352 re
178 3300 293 3367 publica'
313 3301 338 3348 in
360 3303 410 3351 this
428 3317 494 3365 year.
528 3302 576 3366 Cp.
595 3301 637 3350 Ad
653 3301 707 3350 Att.
762 3300 889 3414 ‘quidem'
904 3301 965 3349 with
975 3300 1088 3365 personal
1095 3316 1228 3365 pronouns,
1238 3317 1278 3366 cp.
1287 3300 1335 3365 Ep.

171 3367 208 3428 16,
223 3382 244 3418 a.
762 3380 801 3426 2,
852 3374 918 3415 note.

130 3384 155 3431 4
168 3446 188 3482 2.
207 3437 243 3481 In
261 3436 319 3481 illis
333 3435 521 3490 ..offenders
537 3432 605 3481 ‘with
621 3432 709 3496 regard
795 3376 838 3494 14⁷.'
851 3434 1024 3481 nationibus
1050 3435 1205 3484 subduotia.
1231 3431 1337 3497 ‘having

132 3508 160 3548 to
171 3498 205 3547 all
217 3499 288 3547 those
299 3499 459 3562 proceedings
476 3498 505 3546 of
518 3499 584 3547 mine
600 3498 682 3546 which
695 3498 709 3545 I
760 3505 812 3547 cast
824 3513 857 3561 up
868 3497 910 3546 the
922 3497 1043 3546 account!
1076 3498 1122 3561 Cp.
1135 3498 1181 3561 Ep.
1194 3496 1233 3558 36,
1249 3511 1287 3546 12.

132 3564 274 3613 mentioned
286 3564 377 3623 before,
389 3564 438 3611 and
455 3572 482 3612 to
499 3563 533 3612 all
551 3579 594 3626 my
610 3579 708 3627 expres·
795 3568 939 3611 Summam
949 3565 1004 3612 teci
1021 3598 1027 3612 .
1047 3598 1053 3610 .
1071 3566 1205 3622 omnium,
1227 3564 1337 3614 ‘arrived

132 3630 199 3678 sions
211 3630 239 3678 ol
252 3630 354 3694 opinion
371 3628 453 3678 which
470 3630 567 3679 seemed
583 3637 610 3679 to
627 3628 709 3678 oilend
760 3636 786 3678 st
798 3646 813 3677 a
824 3627 899 3677 result
911 3628 941 3678 ol
948 3628 983 3677 all
995 3643 1037 3691 my
1048 3626 1200 3678 reflectiona'

132 3693 260 3759 Pompey.’
796 3707 833 3754 17.
852 3697 925 3743 Meis
953 3698 1133 3750 temporibus.
1171 3694 1259 3743 Cioero
1287 3693 1338 3742 had

166 3773 189 3821 3.
207 3764 355 3810 (tortorum
371 3762 534 3809 hominum:
552 3774 592 3823 cp.
606 3759 655 3823 Ep.
669 3771 707 3819 πο,
760 3759 888 3808 witnessed
900 3759 942 3808 the
954 3758 1067 3809 cruelties
1075 3760 1104 3809 ol
1112 3759 1192 3808 Cinna
1199 3760 1250 3807 and
1259 3758 1336 3807 Sulla.

132 3826 156 3886 8,
171 3833 235 3875 note.
760 3824 791 3874 T.
804 3825 849 3873 has
860 3825 898 3873 lor
911 3823 1000 3874 ‘meis‘
1013 3822 1148 3882 ‘cumeis’;
1167 3826 1205 3885 B.,
1219 3823 1338 3874 followed

166 3908 190 3954 ιμ
209 3895 279 3941 Oum
306 3894 569 3951 memorabunt,
598 3890 709 3954 ‘though
761 3891 794 3953 by
817 3890 883 3938 Prot.
902 3890 1006 3954 Tyrrell,
1031 3888 1176 3949 ‘Cinneis';
1207 3890 1236 3939 F.
1260 3889 1336 3951 Riihl,

132 3957 197 4007 their
208 3957 321 4021 political
332 3957 408 4006 views
415 3972 485 4016 were,
494 3957 542 4005 and
554 3955 648 4019 always
660 3955 709 4004 had
761 3956 961 4018 hlonatsbl'atter,
981 3955 1022 4017 2⁶,
1037 3963 1151 4020 suggests
1169 3954 1293 4005 ‘Cinnae’
1310 3970 1339 4004 or

132 4023 203 4083 been,
215 4024 240 4071 in
252 4022 403 4072 accordanee
420 4022 480 4071 with
497 4022 539 4071 the
556 4037 679 4071 mensures
697 4021 708 4069 l
762 4020 913 4070 ‘Cinnanis'

131 4086 272 4203 Μ’
306 4089 353 4152 ⁰¹³·
367 4088 414 4153 ΕΡ·
433 4102 463 4151 ²⁵
481 4088 519 4137 ‘⁰¹
535 4087 578 4136 ²¹¹⁸
595 4087 657 4136 ‘²⁰¹⁵
673 4102 710 4135 ¹*
760 4090 958 4202 ababli:
970 4085 1339 4201 “lt0mt.‘.“t.lhl⁰lt2:

166 4220 360 4268 8.1nimioum
380 4233 481 4269 meum.
524 4217 612 4269 Cicero
635 4217 709 4267 refers
761 4218 850 4268 Cicero
870 4234 922 4267 was
940 4190 978 4267 six
995 4232 1066 4283 years
1085 4216 1136 4277 old,
1155 4216 1204 4264 and
1223 4224 1250 4264 to
1268 4215 1339 4267 those

132 4292 160 4334 to
172 4284 283 4333 Clodius.
761 4284 790 4333 ol
798 4284 840 4334 the
852 4283 967 4333 Gracchi.

166 4364 191 4414 9.
218 4352 471 4407 amplexabantur.
511 4347 574 4397 This
602 4349 661 4401 verb
689 4348 710 4398 is
797 4363 833 4414 19.
846 4344 1340 4407 Adoorum..adtuugoram,‘would

133 4431 252 4467 common
264 4416 289 4465 in
301 4415 344 4466 the
355 4414 534 4479 metaphorioal
545 4430 622 4465 sense.
761 4424 865 4479 support
875 4415 939 4465 their
950 4412 1037 4479 party!
1071 4414 1091 4462 C
1094 4430 1119 4478 p.
1135 4413 1177 4461 Ad
1194 4413 1265 4463 Fam.
1281 4426 1301 4462 1.
1314 4413 1337 4476 8,

168 4484 263 4535 10.1n
284 4485 416 4530 manibus
443 4480 712 4544 habebant‚=‘fove-
764 4488 847 4530 a‘me
858 4481 890 4529 ad
901 4481 954 4530 eius
965 4480 1072 4529 rationes
1083 4476 1208 4543 adiungo.¹
