3030 5542
168 859 209 944 38
509 858 560 921 M.
587 857 748 917 TULLII
770 856 1026 920 CICERONIS
1234 847 1331 942 [esur
1345 871 1368 914 1.

169 1031 241 1114 ipse
258 1031 358 1094 velim
383 1029 516 1104 iudices,
531 1028 654 1094 satisne
672 1030 826 1095 videatur
846 1030 897 1095 his
920 1029 1073 1095 omnibus
1095 1027 1191 1093 rebus
1212 1037 1290 1091 tuus
1309 1025 1369 1089 ad·

169 1145 297 1212 ventus,
313 1155 388 1199 cum
404 1134 557 1217 proxime
573 1135 719 1199 Romam
734 1135 863 1210 venisti,
879 1145 993 1199 mutue
1009 1134 1228 1217 respondisse.
1267 1129 1369 1214 Quod
1383 1146 1402 1191 5

170 1240 285 1305 scribis
308 1240 350 1303 de
373 1239 581 1304 reconciliata
599 1240 719 1321 gratia
744 1251 865 1316 nostra,
888 1260 953 1303 non
979 1237 1146 1321 intellego,
1168 1257 1226 1300 cur
1255 1255 1370 1299 recon-

171 1343 316 1410 ciliatam
338 1363 410 1407 esse
430 1344 528 1421 dicas,
543 1364 628 1426 quae
648 1363 819 1426 nunquam
839 1343 1015 1407 imminuta
1030 1352 1090 1407 est.
1135 1341 1235 1424 Quod
1255 1338 1402 1404 scribiso

144 1469 238 1523 5non
254 1446 441 1531 oportuisse
462 1447 636 1511 Metellum
655 1448 788 1510 fratrem
808 1456 904 1511 tuum
919 1449 964 1511 ob
984 1448 1111 1511 dictum
1132 1466 1152 1509 a
1173 1465 1227 1508 me
1241 1463 1369 1527 oppug-

173 1553 251 1630 nari,
274 1553 416 1635 primum
446 1551 509 1616 hoc
534 1549 632 1616 velim
659 1552 840 1629 existimes,
861 1552 1008 1615 animum
1039 1549 1119 1613 mihi
1149 1550 1249 1612 istum
1275 1559 1369 1612 tuum

171 1656 382 1722 vehementer
396 1656 528 1739 probari
547 1664 581 1720 et
597 1655 773 1720 fraternam
790 1656 922 1739 plenam
944 1653 1159 1719 humanitatis
1178 1672 1217 1716 ac
1238 1652 1372 1736 pietatis

171 1759 397 1837 voluntatem;
427 1759 557 1838 deinde,
579 1759 607 1822 si
635 1780 701 1842 qua
727 1780 790 1841 ego
818 1760 851 1822 in
879 1780 914 1823 re
935 1757 1026 1822 fratri
1052 1768 1112 1823 tuo
1142 1757 1187 1821 rei
1220 1755 1372 1839 publicae

173 1884 273 1929 causa
295 1863 480 1938 restiterim,
503 1874 541 1928 ut
564 1863 644 1926 mihi
667 1863 817 1947 ignoscas
830 1885 837 1940 ;
868 1874 938 1926 tam
961 1864 1048 1927 enim
1077 1882 1151 1925 sum
1178 1861 1304 1925 amicus
1327 1859 1371 1922 rei

130 1967 337 2052 republicae,
363 1987 463 2049 quam
495 1967 552 2050 qui
584 1967 750 2043 maxime3
781 1967 809 2030 si
839 1987 919 2030 vero
949 1986 1057 2030 meam
1087 1965 1229 2030 salutem
1260 1972 1372 2028 contra

174 2071 260 2135 illius
283 2070 444 2154 impetum
476 2070 508 2133 in
535 2091 589 2133 me
616 2070 878 2134 crudelissimum
905 2068 1120 2147 defenderim,
1142 2071 1222 2133 satis
1248 2068 1372 2131 habeas

174 2174 256 2239 nihil
285 2195 339 2239 me
367 2175 470 2239 etiam
500 2183 610 2238 tecum
641 2175 684 2238 de
713 2174 761 2238 tui
787 2173 896 2238 fratris
927 2174 1043 2237 iniuria
1069 2173 1241 2256 conqueri:
1272 2190 1372 2255 quem

175 2299 238 2362 ego
259 2299 334 2343 cum
355 2278 589 2361 comperissem
608 2298 742 2341 omnem
764 2277 813 2342 sui
834 2277 1020 2343 tribunatus
1035 2286 1191 2342 conatum
1214 2277 1247 2339 in
1264 2295 1372 2339 meam

175 2381 353 2467 perniciem
380 2402 495 2464 parare
520 2392 621 2464 atque
651 2382 814 2460 meditari,
836 2383 889 2465 egi
912 2402 987 2447 cum
1011 2381 1159 2458 Claudia,
1182 2400 1286 2444 uxore
1308 2389 1374 2453 tua,

61 2566 70 2577 .
132 2496 209 2558 15et
232 2505 308 2548 cum
330 2494 439 2550 vestra
465 2506 577 2550 sorore
600 2485 722 2561 Mucia,
745 2486 838 2550 cuius
860 2506 938 2569 erga
968 2506 1022 2549 me
1051 2486 1198 2550 studium
1228 2505 1289 2568 pro
1313 2484 1374 2548 Cn.

178 2590 327 2673 Pompeii
348 2590 587 2654 necessitudine
609 2589 721 2654 multis
744 2590 777 2653 in
800 2590 898 2655 rebus
918 2610 1161 2673 perspexeram,
1177 2600 1214 2654 ut
1235 2610 1311 2655 eum
1331 2588 1374 2652 ab

177 2693 233 2757 illa
257 2693 373 2757 iniuria
397 2694 617 2758 deterrerent?
652 2693 761 2777 Atqui
787 2695 850 2769 ille,
870 2695 960 2776 quod
981 2703 1015 2758 te
1038 2695 1169 2758 audisse
1191 2705 1282 2759 certo
1303 2694 1405 2769 sciar

178 2819 224 2881 pr.
241 2797 318 2860 Kal.
336 2798 514 2876 lanuarias,
529 2819 595 2881 qua
615 2799 732 2861 iniuria
753 2819 852 2862 nemo
873 2818 1031 2881 umquam
1050 2799 1082 2861 in
1099 2799 1237 2861 minimo
1253 2799 1375 2882 magis·

177 2911 266 2965 tratu
289 2902 555 2985 improbissimus
577 2904 657 2967 civis
679 2903 826 2967 adiectus
850 2912 910 2980 est,
925 2924 964 2966 ea
985 2923 1038 2966 me
1058 2902 1226 2967 consulem
1246 2902 1376 2975 adiecit,

134 3024 254 3071 iocum
278 3026 347 3069 rem
375 3005 542 3090 publicam
566 3027 819 3084 conservassem,
842 3017 943 3089 atque
972 3006 1150 3071 abeuntem
1182 3008 1375 3090 magistratu

214 3158 400 3208 1.Adventua.
432 3158 754 3223 ProbablyMetellnsdrew
802 3160 912 3209 between
935 3159 1023 3209 Cicero
1051 3158 1101 3208 aud
1124 3158 1234 3209 Catiline
1262 3159 1311 3207 had
1334 3158 1376 3208 de·

178 3240 237 3274 near
249 3233 275 3274 to
284 3225 364 3274 Rome
375 3226 400 3272 in
412 3224 454 3274 the
464 3226 551 3274 winter
562 3226 591 3274 oi
598 3223 679 3286 63-62
693 3237 754 3284 ue,
803 3224 898 3288 finitely
915 3225 1003 3287 begun,
1022 3224 1061 3273 sor
1077 3225 1166 3274 Cicero
1190 3225 1239 3274 aud
1259 3224 1377 3274 Metellus

179 3307 207 3339 as
218 3306 233 3339 a
245 3290 440 3340 demonstration
454 3292 479 3339 in
492 3298 595 3356 support
607 3292 637 3340 of
646 3291 684 3340 his
698 3291 753 3339 bro·
803 3307 870 3341 seem
880 3297 906 3340 to
915 3290 978 3339 have
986 3291 1145 3355 co-operated
1153 3290 1274 3354 cordinlly
1280 3292 1377 3353 against

179 3356 241 3405 ther.
276 3355 318 3404 lIe
327 3355 401 3404 could
412 3364 456 3404 not
467 3356 530 3405 have
541 3357 640 3406 entered
653 3356 694 3405 the
703 3357 755 3420 city
803 3356 1030 3420 theconspirators.

179 3421 286 3469 without
295 3420 422 3484 forfeiting
430 3422 468 3470 his
478 3422 624 3485 imperinm,
642 3423 691 3469 and
701 3437 753 3485 per·
837 3437 860 3486 9.
878 3425 1001 3471 Utmlhl
1017 3426 1153 3480 ignom
1187 3419 1377 3470 Aster‘velim.’

179 3487 243 3549 hapa
255 3485 304 3534 this
316 3486 496 3534 consideration
508 3487 639 3551 suggested
651 3484 754 3551 Siipfle's
805 3485 872 3537 'Ut'
896 3487 980 3536 would
1002 3503 1071 3537 more
1092 3487 1189 3551 usually
1211 3487 1241 3535 be
1263 3486 1378 3536 omitted.

180 3551 310 3613 rendering
327 3551 356 3599 of
369 3555 497 3609 proxime
511 3554 636 3610 Romam,
652 3555 697 3601 ‘to
712 3552 755 3601 the
803 3552 849 3604 See
860 3553 947 3602 Madv.
962 3565 1007 3617 372
1022 3554 1046 3614 b,
1058 3554 1119 3603 Obs.
1132 3567 1153 3603 a.

178 3615 323 3665 immediate
334 3615 538 3679 neighbourhood
551 3617 580 3665 oi
588 3615 684 3666 Rome!
714 3617 755 3666 On
841 3633 877 3668 ro.
902 3622 994 3675 Quam
1021 3623 1071 3677 qui
1090 3623 1221 3678 maxime,
1250 3633 1284 3668 sc.
1303 3615 1392 3668 ‘est’-

181 3683 224 3731 the
243 3697 301 3740 acc,
323 3696 363 3730 see
383 3681 467 3730 Madv.
492 3692 546 3745 172,
567 3683 628 3732 Oba.
648 3698 671 3745 4
706 3683 755 3732 But
804 3685 890 3733 Madv.
902 3699 958 3747 310,
971 3684 1032 3734 Obs.
1044 3700 1068 3748 4.

180 3763 249 3796 more
269 3746 393 3831 probably
414 3747 542 3811 ‘proxime
554 3744 560 3765 ’
581 3763 666 3797 means
690 3754 696 3774 ¹
703 3747 755 3811 just
840 3754 870 3798 si
883 3787 889 3798 .
904 3785 909 3796 .
922 3785 928 3796 .
941 3753 1124 3806 defenderim,
1137 3748 1287 3814 ‘supposing
1298 3749 1353 3799 that
1366 3749 1379 3798 1

180 3811 265 3875 lately.
302 3811 403 3870 Bdelrel,
412 3828 437 3876 p.
448 3811 490 3877 46,
500 3813 670 3862 renders‘das
681 3813 756 3863 letzte
805 3813 942 3863 defended'
970 3813 1186 3864 ‘Sl'-⁴etiamsi.'
1210 3815 1259 3878 Cp.
1272 3815 1378 3865 Forcell.

182 3877 272 3927 Mul':
290 3893 331 3927 see
348 3878 395 3942 Ep.
414 3893 455 3942 54,
477 3891 498 3943 7,
520 3886 586 3928 note.
611 3878 756 3927 *Romam
805 3879 845 3928 On
864 3879 1050 3940 ‘defenderim'
1066 3897 1106 3930 see
1124 3881 1222 3944 Zumpt,
1240 3880 1268 3928 L.
1282 3881 1314 3931 G.
1330 3896 1379 3945 5²4

181 3941 279 3992 venire’
297 3943 346 3991 and
366 3941 558 3994 ‘Romneesse'
572 3944 688 3994 couldbe
701 3944 757 3993 said
805 3945 854 3994 and
865 3953 932 3995 note.
966 3946 990 3996 It
1002 3947 1023 3995 is
1033 3944 1281 4010 nearly=·desendi.’

182 4008 210 4059 ol
224 4024 255 4056 an
273 4008 355 4058 officer
365 4009 467 4072 uisiting
484 4025 513 4059 or
523 4010 660 4074 remaining
677 4010 702 4059 in
714 4009 756 4059 the
840 4024 877 4060 rr.
897 4015 972 4060 Satis
989 4016 1100 4071 habeas,
1113 4013 1160 4061 ‘be
1171 4012 1289 4061 content!
1306 4011 1379 4076 Conj.

182 4073 325 4124 immediate
335 4075 540 4139 neighbourhood
552 4075 581 4123 os
588 4075 676 4125 Rome.
707 4076 756 4141 Cp.
805 4077 844 4126 ior
855 4077 966 4141 imperat.
979 4077 1064 4127 Madv.
1077 4079 1132 4141 385,
1145 4078 1206 4127 Obs.

183 4140 231 4205 Ep.
243 4138 282 4202 46,
301 4147 377 4198 uote;
397 4140 427 4189 ln
440 4141 509 4189 Verr.
522 4141 579 4189 Act.
594 4155 615 4189 π.
630 4155 653 4202 2,
665 4141 689 4200 6,
710 4152 755 4204 17;
840 4156 878 4192 rr.
896 4146 1196 4202 Nihil...oonquerl,
1214 4142 1285 4192 ‘that
1304 4143 1317 4192 1
1334 4143 1380 4192 ab·

183 4210 189 4232 ‘
200 4207 298 4255 Romae
314 4212 339 4254 et
356 4205 389 4254 ad
405 4207 491 4255 urbem
500 4204 522 4264 ς’
539 4206 587 4254 and
604 4206 652 4256 Mr.
665 4205 757 4272 Long's
804 4208 868 4258 stain
881 4209 944 4257 from
957 4209 1060 4274 making
1071 4226 1086 4258 a
1097 4208 1235 4274 complaint
1248 4216 1275 4258 to
1284 4224 1341 4274 you,
1352 4225 1380 4258 as

182 4278 241 4320 note
252 4286 285 4320 on
293 4273 350 4320 Act.
365 4284 386 4320 r.
400 4285 437 4334 15,
450 4285 491 4335 45.
516 4270 627 4321 ‘Roma’
640 4271 756 4322 included
803 4275 860 4324 well
872 4283 937 4325 asto
949 4275 991 4324 the
1002 4274 1101 4325 senate!

182 4336 225 4386 the
236 4337 340 4385 suburbs
349 4337 462 4397 without,
470 4353 498 4386 as
507 4337 563 4386 well
573 4354 600 4386 as
611 4338 654 4389 the
667 4336 755 4388 ‘urbs’
840 4353 877 4402 13.
896 4345 1015 4390 Omnem
1029 4378 1035 4390 .
1050 4378 1057 4391 .
1072 4379 1078 4390 .
1090 4345 1222 4390 conatum
1234 4377 1240 4388 .
1252 4375 1259 4388 .
1274 4377 1280 4390 .
1291 4344 1379 4389 medi·

183 4402 270 4451 within
292 4401 334 4452 the
357 4400 547 4467 ‘pomoerium’
588 4404 609 4454 C
630 4442 636 4452 .
658 4404 757 4463 Paulus,
805 4409 869 4463 tari,
886 4407 957 4457 ‘that
973 4406 1004 4456 he
1015 4422 1067 4456 was
1082 4406 1167 4468 laying
1182 4404 1222 4454 his
1235 4404 1317 4470 plana,
1329 4406 1379 4454 and

184 4469 274 4533 Digest
286 4480 325 4530 50.
340 4466 422 4525 r6.2;
439 4484 480 4534 ap.
493 4469 573 4534 long.
637 4469 761 4520 crisitos
806 4472 939 4537 preparing
961 4472 1003 4522 the
1025 4472 1108 4522 whole
1133 4486 1259 4520 resources
1287 4472 1317 4521 oi
1340 4472 1380 4520 his

184 4533 302 4583 Metellus
313 4534 334 4583 is
350 4540 396 4582 not
406 4533 540 4586 elsewhere
550 4535 700 4592 mentioned.
712 4550 757 4600 ap·
807 4537 885 4594 office,
897 4538 936 4586 ior
947 4554 988 4601 my
999 4534 1167 4587 destruction!

183 4599 304 4664 parently.
842 4616 879 4667 14
897 4607 1023 4652 olandia.
1057 4603 1143 4651 Eldest
1155 4601 1226 4650 sister
1237 4600 1266 4649 oi
1279 4603 1306 4650 P.
1319 4601 1379 4651 Clo·

219 4677 241 4713 a.
270 4668 369 4715 Mutus
405 4669 591 4726 respondisse,
622 4674 667 4717 'to
694 4668 758 4716 have
807 4667 871 4727 dius,
883 4668 931 4717 and
943 4667 999 4716 wile
1011 4668 1041 4717 oi
1055 4667 1162 4718 Cicero's
1173 4666 1379 4730 correspondent;

184 4729 270 4780 shown
283 4746 298 4778 a
309 4731 405 4779 similar
416 4732 488 4796 spirit
500 4732 525 4780 in
537 4730 634 4781 retum!
807 4748 823 4781 a
832 4749 929 4782 woman
941 4733 970 4782 ol
977 4734 1028 4782 bad
1039 4732 1187 4798 reputation.
1211 4732 1258 4795 Cp.
1268 4732 1315 4796 Ep.
1324 4747 1347 4796 9,
1357 4746 1379 4794 5.

184 4809 241 4910 ui·
260 4800 305 4910 it
327 4801 636 4913 instititutis
657 4798 758 4911 titi
807 4797 1379 4928 uli'rliuilltmiltiissimsffi‘ffl*

184 4928 289 4992 quarrel,
318 4928 602 4978 Themisunderstandin
630 4936 727 4988 must,a
839 4933 953 4979 Pro...
970 4933 1188 4981 necessitudine.
1201 4929 1243 4977 ‘in
1256 4929 1379 4979 consider·

184 4993 306 5057 pareutly,
322 4994 386 5044 have
402 4995 482 5043 ariseu
498 4995 581 5045 before
594 4945 636 5044 ibe
650 5001 758 5058 strugge
807 4995 876 5045 ation
888 4994 917 5044 ol
925 5011 966 5058 my
977 4995 1097 5057 intimacy
1108 4992 1168 5043 with
1180 4992 1308 5058 Pompey.'
