3030 5542
214 404 274 468 188
558 408 608 471 Μ.
635 408 796 467 TULLII
816 408 1070 470 CICERONIS
1262 405 1360 497 [rnna
1376 427 1411 469 11.

211 578 253 641 sit
277 587 428 661 possete
449 578 534 642 illius
553 578 645 663 regni
661 579 769 661 potiri,
785 600 850 644 non
871 600 943 644 esse
962 581 1206 657 cunctandum3
1229 580 1256 644 si
1273 580 1412 645 dubium

212 682 265 760 sit,
287 702 353 746 non
375 702 448 747 esse
470 682 667 749 conandum.
726 682 812 747 lllud
835 684 897 747 tibi
919 683 1070 762 adfirmo,
1093 684 1120 747 si
1148 704 1217 748 rem
1244 685 1344 748 istam
1367 706 1412 749 ex

212 786 376 850 sententia
407 786 555 869 gesseris,
578 786 648 851 fore
680 798 717 851 ut
747 788 866 851 absens
898 808 918 851 a
951 789 1073 867 multis,
1097 809 1173 852 cum
1204 790 1339 853 redieris
1369 790 1414 853 ab

212 889 376 968 omnibus,
393 890 600 954 conlaudere.
644 890 868 956 Offensionem
892 912 964 956 esse
979 892 1197 975 periculosam
1214 903 1350 975 propter
1365 892 1414 955 in·

183 993 407 1075 5terpositam
428 995 659 1060 auctoritatem
679 995 939 1078 religionemque
957 998 1076 1074 video;
1098 998 1157 1060 sed
1176 1015 1239 1080 ego
1254 1006 1298 1075 te,
1314 1008 1350 1060 ut
1369 998 1412 1060 ad

212 1107 337 1161 certam
353 1097 486 1161 laudem
502 1097 670 1176 adhortor,
686 1099 768 1162 sica
786 1098 999 1164 dimicatione
1015 1102 1163 1165 deterreo
1187 1101 1354 1181 redeoque
1369 1100 1413 1164 ad

213 1200 305 1279 illud,
327 1201 418 1282 quod
443 1201 538 1265 initio
560 1201 684 1284 scripsi,
707 1203 810 1266 totius
832 1202 910 1266 facti
932 1203 981 1268 tui
1005 1203 1162 1268 iudicium
1186 1212 1345 1268 nontam
1368 1224 1413 1266 ex

212 1304 350 1369 consilio
374 1313 433 1368 tuo
455 1324 556 1387 quam
582 1327 626 1368 ex
649 1316 769 1370 eventu
791 1305 943 1369 homines
966 1327 1037 1370 esse
1058 1308 1211 1372 facturos.
1256 1306 1356 1390 Quod
1384 1307 1445 1372 sio

213 1408 294 1473 haec
317 1408 402 1472 ratio
425 1408 470 1471 rei
493 1409 657 1491 gerendae
676 1408 860 1492 periculosa
882 1410 944 1473 tibi
968 1431 1040 1474 esse
1063 1411 1240 1486 videbitur,
1261 1411 1414 1493 placebat

170 1539 200 1575 10
213 1512 305 1587 illud,
322 1521 368 1589 ut,
382 1512 410 1576 si
433 1533 493 1576 rex
516 1512 630 1576 amicis
653 1513 728 1590 tuis,
744 1514 801 1594 qui
817 1533 876 1596 per
892 1514 1093 1597 provinciam
1116 1525 1217 1596 atque
1240 1514 1414 1597 imperium

211 1626 306 1679 tuum
323 1616 479 1699 pecunias
494 1616 524 1679 ei
540 1616 762 1694 credidissent,
773 1615 872 1680 fidem
889 1638 982 1681 suam
996 1619 1221 1700 praestitisset,
1231 1627 1265 1682 et
1279 1618 1416 1682 auxiliis

212 1738 289 1783 eum
315 1721 382 1783 tuis
409 1730 443 1783 et
466 1719 568 1801 copiis
590 1720 786 1798 adiuvares3
811 1741 885 1784 eam
913 1742 985 1785 esse
1009 1733 1162 1786 naturam
1189 1732 1221 1785 et
1244 1723 1415 1805 regionem

213 1823 400 1907 provinciae
416 1832 503 1901 tuae,
520 1834 555 1887 ut
572 1822 658 1887 illius
679 1824 823 1888 reditum
846 1824 898 1888 vel
921 1825 1108 1889 adiuvando
1130 1823 1341 1890 confirmares
1363 1826 1415 1889 vel

215 1926 420 2010 neglegendo
436 1926 625 2009 impedires.
672 1927 711 1990 In
727 1928 789 1992 hac
805 1929 931 1992 ratione
946 1929 1024 2012 quid
1042 1950 1103 2003 res,
1118 1929 1200 2010 quid
1215 1949 1323 2007 causa,
1333 1929 1415 2011 quid

171 2055 200 2104 ¹5
214 2040 347 2113 tempus
362 2030 453 2108 ferat,
466 2040 501 2094 tu
514 2029 668 2095 facillime
684 2031 873 2114 optimeque
888 2033 1086 2116 perspicies3
1102 2033 1183 2116 quid
1195 2033 1292 2097 nobis
1303 2032 1416 2116 placu-

215 2135 302 2210 isset,
323 2154 368 2196 ex
394 2153 447 2197 me
471 2134 677 2216 potissimum
700 2136 814 2218 putavi
837 2144 871 2199 te
893 2136 976 2199 scire
998 2147 1160 2218 oportere.
1206 2135 1306 2219 Quod
1335 2135 1445 2205 mihi't

215 2239 258 2301 de
283 2247 397 2301 nostro
423 2247 521 2317 statu,
544 2237 587 2302 de
614 2238 751 2303 Milonis
781 2239 1010 2317 familiaritate,
1033 2241 1075 2304 de
1098 2240 1233 2304 levitate
1254 2250 1288 2304 et
1311 2239 1416 2304 imbe-

251 2418 273 2454 1.
292 2406 324 2453 si
340 2405 459 2453 dublum
475 2403 791 2465 alt,‘butifitbedonbt·
838 2411 929 2465 tuum,
960 2406 1000 2453 ‘in
1032 2404 1075 2454 the
1106 2405 1222 2470 province
1251 2404 1327 2453 under
1356 2420 1418 2468 your

216 2470 270 2521 tul:
305 2469 595 2520 ‘Sin'vvouldbemore
606 2486 730 2520 common.
838 2470 1014 2535 govemment!
1047 2470 1149 2535 CpAd
1161 2471 1231 2518 Fam.
1246 2483 1283 2532 13.
1296 2484 1335 2533 55,
1350 2484 1362 2517 2
1378 2470 1417 2519 ‘in

251 2550 265 2598 3
291 2539 499 2586 commuteris.
533 2536 626 2586 Ontbe
637 2537 757 2585 omission
767 2536 795 2584 of
838 2545 882 2586 tuo
894 2544 948 2585 toto
960 2535 1065 2599 imperio
1076 2544 1149 2600 atque
1162 2535 1306 2600 provincia!

217 2618 233 2651 a
243 2601 408 2664 conjunctiora,
422 2617 460 2666 cp.
472 2601 520 2666 Ep.
534 2616 572 2663 ιι,
586 2615 609 2663 3,
621 2610 686 2650 note.
874 2615 912 2650 11.
929 2604 1053 2650 Anxlllla
1065 2616 1131 2650 aum
1141 2605 1207 2650 tuin.
1242 2600 1293 2650 For
1301 2601 1342 2650 the
1349 2599 1417 2665 posi·

251 2684 275 2729 4.
295 2670 494 2727 Offenelonem,
514 2671 576 2732 ‘any
593 2664 709 2731 mishnp.'
745 2666 791 2731 Cp.
839 2668 892 2717 tion
904 2666 933 2716 of
944 2665 1022 2726 ‘tuis'
1035 2682 1073 2731 cp.
1092 2666 1155 2730 Livy
1165 2666 1189 2715 ⁶.
1207 2666 1245 2726 ²6,
1261 2680 1273 2713 π
1291 2667 1418 2730 ‘precibus

219 2734 254 2782 ‘si
272 2733 367 2797 aliquid
384 2740 447 2782 esset
464 2730 687 2782 offensum’aline
700 2747 728 2780 or
743 2739 793 2781 two
839 2740 955 2782 eventum
973 2733 1061 2782 vestris
1080 2741 1177 2781 senatus
1198 2747 1272 2796 quem
1295 2732 1418 2780 videbitur

217 2799 312 2857 above;
326 2797 381 2848 also
392 2798 583 2847 ‘offensionibus
592 2797 666 2847 belli'
676 2797 724 2846 Pro
731 2797 792 2862 Leg.
840 2800 911 2847 dabit
920 2796 940 2857 ;'
958 2798 1013 2846 also
1025 2797 1111 2846 Madv.
1123 2796 1180 2862 467,
1194 2798 1243 2847 and
1253 2809 1302 2860 472
1314 2814 1337 2846 a.

218 2864 286 2912 Man.
301 2877 339 2924 10,
354 2865 392 2914 28.
873 2866 998 2912 Annuit·
1016 2899 1023 2913 .
1042 2900 1049 2915 .
1070 2865 1227 2922 adiuvaret,
1253 2862 1339 2926 ‘plaoe
1361 2877 1418 2911 men

252 2932 372 2985 Propter
383 2933 485 2985 interp.
496 2934 602 2978 auotor.
614 2931 794 2986 rallzlonem·
840 2928 890 2978 and
908 2928 1018 2993 supplies
1034 2935 1061 2978 at
1080 2927 1120 2977 his
1137 2925 1264 2992 disposal.’
1298 2927 1419 2976 lentulus

218 3009 281 3054 qna,
297 2997 343 3043 ‘on
355 3002 460 3043 account
471 2993 500 3042 of
509 2993 552 3043 the
560 2996 701 3059 expression
713 2993 743 3042 of
751 2993 794 3042 the
841 2993 923 3058 might
941 2994 1045 3044 connive
1061 3002 1087 3042 at
1105 2992 1239 3056 Ptolemy‘s
1252 2993 1345 3056 raising
1360 3007 1418 3042 naen

218 3057 321 3110 senate's
338 3060 448 3124 opinion,
469 3058 518 3107 and
536 3059 577 3109 the
594 3059 712 3124 religions
730 3057 793 3107 diffi·
842 3061 867 3110 in
879 3062 918 3108 his
929 3060 1053 3124 province,
1066 3058 1173 3108 without
1188 3058 1261 3122 being
1275 3057 1419 3122 personally

218 3126 287 3188 culty
297 3125 379 3174 which
391 3125 436 3173 has
447 3122 603 3175 intervened.’
842 3124 1033 3188 compromised.

253 3203 275 3251 5.
293 3193 334 3238 Ut
348 3193 384 3239 ad
398 3196 504 3239 aarum
516 3228 522 3240 .
536 3228 542 3240 .
555 3194 691 3250 deterreo,
706 3187 795 3238 ‘while
876 3205 914 3239 12.
932 3195 1004 3239 Eam
1012 3206 1072 3240 aeae
1079 3190 1188 3254 depends
1195 3205 1227 3239 on
1238 3204 1309 3238 some
1319 3188 1380 3237 verb
1391 3194 1420 3237 to

219 3255 328 3306 Iexhort
339 3271 388 3319 you
401 3262 428 3303 to
439 3257 503 3304 seiae
513 3271 562 3320 any
570 3256 621 3305 sale
633 3255 795 3320 opportunity
842 3258 873 3306 be
885 3256 1002 3320 supplied
1011 3256 1075 3305 from
1088 3251 1234 3320 ‘placebat'
1245 3254 1295 3303 aad
1304 3253 1421 3317 meaning

219 3322 248 3371 of
256 3322 365 3384 winning
377 3321 450 3381 fame,
461 3321 474 3369 I
486 3320 600 3371 dissuade
612 3337 661 3384 you
672 3320 796 3382 earnestly
844 3326 896 3372 ‘we
907 3320 1032 3385 thought!

219 3388 284 3436 from
303 3387 414 3449 catering
431 3401 464 3434 on
481 3402 497 3433 a
514 3386 654 3450 dangerous
670 3384 794 3449 struggle'
875 3390 1039 3448 Regionum,
1054 3385 1111 3435 ‘the
1122 3382 1254 3435 situation.¹
1288 3382 1420 3434 Theword

218 3452 266 3516 Cp.
285 3468 300 3500 a
318 3452 364 3501 few
377 3452 440 3500 lines
456 3452 542 3501 above.
578 3452 621 3502 ‘Si
638 3452 795 3515 exploratum
842 3452 931 3516 hardly
940 3468 1019 3503 seems
1030 3460 1057 3501 to
1069 3453 1100 3501 be
1111 3450 1171 3502 used
1179 3450 1345 3500 elsewherein
1352 3450 1420 3515 quite

220 3517 407 3568 ..conandum'
427 3517 476 3565 For
483 3517 607 3567 thissense
617 3518 645 3566 ol
653 3520 659 3543 ⁴
667 3514 796 3578 deterreo,’
842 3519 893 3568 this
905 3533 981 3567 sense.

218 3599 258 3648 cp.
271 3583 318 3648 Ep.
331 3597 353 3644 5,
367 3581 391 3632 6.
878 3596 916 3644 13.
932 3586 1057 3632 Utilllna
1068 3584 1192 3632 reditum
1209 3619 1216 3631 .
1234 3620 1241 3632 .
1259 3582 1419 3640 impedires,

254 3658 276 3712 7.
295 3652 390 3711 Inttio,
404 3648 446 3699 ie.
459 3647 485 3697 in
497 3647 539 3698 the
554 3648 688 3713 beginning
702 3647 731 3697 of
745 3647 796 3697 this
844 3649 914 3699 ‘that
934 3664 995 3712 your
1013 3649 1053 3698 aid
1071 3647 1155 3697 would
1172 3662 1255 3696 secam
1273 3647 1312 3695 his
1328 3655 1418 3704 return,

220 3714 322 3764 section.
843 3714 892 3764 and
905 3729 966 3777 your
978 3714 1074 3777 neglect
1089 3712 1175 3761 hinder
1189 3709 1224 3760 ir!
1257 3712 1312 3760 'I'he
1329 3712 1419 3775 imper-

252 3782 298 3828 Ex
309 3783 436 3839 commo,
450 3780 496 3845 ‘by
504 3778 547 3830 the
559 3780 650 3845 policy,
664 3795 692 3829 or
700 3776 796 3842 object!
844 3781 904 3829 fecta
926 3794 992 3828 seem
1010 3786 1038 3828 to
1056 3779 1119 3827 have
1136 3778 1228 3826 almost
1246 3777 1288 3827 the
1307 3777 1374 3826 force
1394 3775 1423 3824 of

220 3846 267 3909 Cp.
276 3846 385 3910 Philipp.
396 3859 417 3895 1.
427 3859 449 3906 1,
460 3859 470 3893 1
481 3850 487 3872 ⁸
497 3847 627 3897 consilium
636 3846 797 3911 profectionis
844 3844 1003 3895 ‘confirmare
1013 3844 1052 3893 vel
1064 3843 1184 3907 impedire
1195 3839 1297 3907 posses'

220 3918 245 3960 et
258 3911 402 3960 reversionis
413 3908 499 3961 mene)
880 3924 917 3973 ¹4
935 3913 1013 3967 Quid
1019 3925 1078 3958 raa.
1089 3911 1183 3967 .ferat,
1198 3908 1278 3957 ‘what
1285 3907 1327 3957 the
1334 3914 1421 3956 nature

254 3991 277 4040 9.
297 3980 430 4026 Placebat
442 3976 528 4027 makes
538 3978 638 4042 equally
649 3977 717 4041 good
728 3992 797 4026 senae
844 3977 873 4025 of
881 3977 923 4025 the
935 3991 998 4035 case,
1010 3975 1052 4024 the
1063 3972 1144 4038 king's
1154 3975 1255 4023 interest
1265 3978 1313 4037 (op.
1324 3973 1370 4036 Ep.
1382 3985 1420 4031 21,

222 4042 243 4092 if
256 4042 405 4092 understood
421 4059 449 4092 as
465 4043 507 4093 the
524 4044 699 4108 epistolaryor
712 4058 741 4091 as
755 4042 797 4091 the
847 4044 880 4102 1),
904 4041 954 4089 aad
978 4042 1021 4091 the
1043 4055 1128 4089 course
1150 4039 1180 4087 of
1199 4048 1283 4089 events
1305 4034 1421 4102 suggest?

221 4109 337 4172 ordinary
349 4108 483 4172 imperfect.
844 4107 930 4171 Siiptle
941 4122 1061 4171 proposes
1076 4115 1102 4154 to
1113 4105 1198 4155 render
1216 4100 1285 4164 ‘rea’
1296 4103 1354 4154 ‘the
1366 4118 1423 4153 case

257 4187 294 4225 ro.
315 4177 347 4221 Si
366 4190 418 4223 rex
437 4209 443 4220 .
462 4210 468 4223 .
491 4178 687 4233 praestitisset,
707 4170 743 4220 ‘if
756 4172 798 4221 the
845 4173 869 4221 in
887 4171 983 4229 itsell'3'
1007 4172 1113 4231 ‘causa'
1129 4171 1175 4219 ‘its
1190 4170 1295 4219 relation
1309 4177 1337 4219 to
1352 4168 1423 4218 other

221 4239 283 4303 king
300 4240 364 4316 shall
382 4239 445 4290 have
462 4239 567 4289 fulsrlled
582 4238 621 4289 his
638 4238 759 4303 promises
770 4245 798 4286 lo
845 4238 935 4303 people
946 4235 967 4297 ;'
987 4233 1119 4301 ‘tempus'
1133 4235 1190 4284 ‘the
1201 4233 1287 4287 crisis’

221 4305 418 4434 lllltllss'
434 4303 798 4433 “hllfflffilhfllllamilf
846 4302 1423 4433 0.¹0⁷...ls2.”t:}ll.;ttl.lll‡?.tff⁰lll

221 4435 277 4486 'l'he
295 4438 365 4501 plup.
385 4436 495 4501 dependa
514 4452 547 4486 on
569 4432 715 4501 ‘placebat'
749 4433 798 4499 Cp.
845 4442 873 4484 to
886 4435 945 4483 Part
957 4433 991 4493 ll,
1006 4438 1035 4493 lt
1048 4432 1105 4496 3-6.

222 4501 309 4551 Madv.
322 4513 377 4566 379.
879 4504 922 4550 De
951 4502 1071 4549 annoni·
1103 4500 1306 4548 feminarium.
1356 4496 1424 4546 Milo

255 4570 311 4617 Per
338 4568 514 4625 provinciam
542 4571 626 4625 atque
648 4569 799 4624 imperinm
846 4565 897 4616 had
922 4564 1020 4616 exerted
1049 4562 1151 4615 himself
1170 4563 1243 4614 much
1266 4564 1293 4613 ln
1315 4559 1425 4613 Cicero’a
