3030 5542
411 348 523 412 LIST
543 350 603 412 OF
624 348 833 413 CICERO'S
858 349 1098 415 WRITINGS.
1264 350 1354 415 xxxi

150 528 209 569 Rc.
223 518 302 570 about

283 607 302 667 †
324 602 427 664 Oratio
440 622 494 680 pro
508 602 544 663 A.
559 602 691 665 Thermo
705 600 776 684 (Pro
791 602 898 664 Flacco
913 623 961 681 39,
977 599 1039 684 98).

284 698 299 731 *
372 748 388 774 ,‚
454 746 471 773 ,,
500 701 534 760 L.
551 702 658 761 Flacco
673 701 733 782 (Ad
746 702 805 761 Att.
823 722 848 761 2.
866 717 912 777 25,
931 700 969 782 1).

192 802 257 877 59?
273 798 307 831 **
330 800 562 878 Chorographia‚
590 819 608 860 a
634 800 838 878 geographical
863 800 944 860 work
966 799 1025 879 (cp.
1050 799 1098 860 Ad
1125 800 1186 862 Att.
1211 822 1237 863 2.
1263 806 1291 876 6,
1320 822 1353 875 1;

397 898 527 959 Priscian
542 902 570 969 6,
587 902 634 974 83,
649 918 696 976 ap.
711 898 816 958 Baiter.
831 901 869 958 xi.
888 895 948 980 76).

192 1011 229 1070 57
245 999 256 1056 i
331 996 435 1058 Oratio
449 997 519 1058 Post
534 998 671 1057 Reditum
685 998 715 1056 in
731 996 841 1056 Senatu
857 998 918 1072 (Ad
932 998 992 1058 Att.
1008 1016 1035 1071 4.
1055 1018 1080 1070 1,
1095 994 1136 1079 5).

244 1097 256 1154 i
375 1141 392 1169 ‚,
469 1143 487 1169 ‚,
584 1142 601 1168 ‚,
683 1097 721 1156 ad
737 1094 867 1172 Quirites
881 1094 943 1178 (Αά
958 1097 1018 1157 Att.
1034 1116 1062 1171 4.
1080 1116 1105 1169 1,
1121 1097 1161 1177 6).

245 1195 257 1253 ἰ
374 1241 391 1267 ,,
433 1196 471 1255 de
485 1195 586 1256 Domo
602 1194 660 1254 Sua
675 1190 732 1276 (lb.
748 1216 775 1267 4.
794 1214 820 1266 2,
838 1194 875 1275 2).

190 1296 230 1368 56
273 1289 308 1324 **
372 1338 391 1365 ,,
445 1338 463 1365 ,,
486 1292 570 1371 Rege
584 1293 785 1353 Alexandrino
800 1291 861 1372 (Ad
876 1293 914 1367 Q.
930 1294 962 1353 F.
978 1314 1005 1353 2.
1023 1312 1048 1353 2.
1065 1293 1106 1373 3).

374 1436 391 1464 ,,
434 1392 492 1451 Pro
507 1391 538 1450 P.
555 1391 650 1452 Sestio
665 1390 721 1473 (lb.
740 1412 766 1451 2.
781 1412 809 1465 4,
827 1390 865 1472 1).

374 1537 391 1563 ,,
433 1491 463 1550 in
477 1490 508 1552 P.
524 1491 674 1551 Vatinium
689 1491 749 1568 (Ad
764 1490 802 1563 Q.
817 1491 850 1550 F.
868 1511 894 1551 2.
911 1511 938 1563 4,
958 1511 993 1566 1;
1015 1491 1064 1551 Ad
1079 1492 1160 1552 Fam.
1178 1512 1202 1553 1.
1219 1514 1247 1570 9,
1264 1493 1303 1574 7).

374 1635 392 1662 „
436 1609 491 1668 pro
504 1590 539 1650 L.
554 1589 715 1669 Calpurnio
729 1590 828 1649 Bestia
843 1588 904 1671 (Αά
919 1591 957 1665 Q.
973 1591 1004 1651 F.
1021 1611 1049 1651 2.
1064 1612 1092 1667 3,
1108 1590 1148 1671 6).

371 1736 388 1762 ,,
431 1690 469 1750 de
482 1689 682 1766 Haruspicum
697 1689 868 1767 Responsis.

375 1834 393 1860 „
451 1834 468 1860 ‚,
491 1788 650 1848 Provinciis
665 1787 877 1848 Consularibus
894 1785 965 1868 (Pro
985 1787 1081 1849 Balbo
1096 1802 1143 1864 27,
1160 1792 1196 1848 61
1210 1808 1218 1862 ;
1239 1789 1349 1850 Ascon.

556 1886 729 1965 Argument.
757 1888 787 1945 in
815 1886 962 1946 Pisonian.
974 1906 982 1960 ;
1017 1907 1063 1964 ep.
1091 1887 1140 1947 Αά
1164 1888 1245 1949 Fam.
1274 1908 1298 1949 1.
1323 1904 1349 1966 7,

558 1985 617 2065 10).

372 2130 389 2155 „
430 2102 485 2162 pro
500 2082 531 2144 P.
547 2083 647 2145 Asicio
662 2080 732 2166 (Pro
747 2084 826 2144 Cael.
845 2103 890 2144 10.
908 2104 955 2159 23,
975 2088 1035 2163 24).

372 2225 388 2254 ,,
444 2229 461 2257 ,,
494 2182 537 2243 M.
553 2183 654 2244 Caelio
669 2181 730 2265 (Ad
745 2183 783 2257 Q.
799 2181 831 2241 F.
848 2203 873 2254 2,
892 2202 927 2259 13
952 2178 1002 2264 [11
1019 2179 1116 2264 Bait.],
1133 2204 1147 2243 2
1160 2204 1169 2258 ;
1191 2184 1248 2246 Pro
1270 2186 1349 2247 Cael.

559 2302 605 2358 13,
623 2279 683 2364 32).

372 2426 388 2453 ,,
445 2427 463 2453 ,,
496 2380 530 2440 L.
546 2381 682 2441 Comelio
696 2380 797 2441 Balbo.

279 2482 297 2542 †
369 2522 386 2550 ‚,
444 2524 460 2552 „
493 2478 537 2538 M.
553 2479 654 2557 Cispio
669 2478 739 2559 (Pro
755 2479 853 2539 Planc.
869 2500 917 2556 31,
934 2478 994 2559 75).

185 2591 225 2652 55
371 2623 388 2650 ,,
432 2579 461 2637 in
477 2577 511 2636 L.
528 2577 664 2638 Pisonem
678 2577 801 2657 (Ascon.
817 2581 847 2638 in
861 2576 1119 2661 Pisonian.lutr.).

278 2682 295 2738 †
369 2721 386 2749 „
429 2696 484 2754 pro
498 2677 533 2736 L.
551 2677 678 2736 Caninio
692 2677 779 2738 Gallo
794 2675 856 2755 (Ad
871 2678 954 2738 Fam.
972 2693 997 2752 7.
1017 2698 1041 2751 1,
1058 2676 1099 2757 4).

326 2774 374 2835 De
389 2776 513 2837 Oratore
526 2777 591 2837 libri
604 2777 632 2834 iii
649 2776 710 2854 (Ad
724 2777 805 2836 Fam.
823 2796 847 2836 1.
864 2797 891 2852 9,
909 2774 968 2855 23).

238 2869 300 2932 Ρ*
323 2873 369 2933 De
382 2874 580 2953 Temporibus
606 2875 670 2934 Suis
692 2877 754 2935 libri
771 2876 800 2933 iii
817 2877 949 2935 versibus
969 2875 1069 2954 scripti
1089 2874 1151 2954 (Ad
1166 2874 1248 2936 Fam.
1275 2895 1299 2936 1.
1316 2898 1345 2955 9,

432 2974 492 3054 23).

182 3089 222 3148 54
276 3076 295 3135 i
327 3071 429 3133 Oratio
444 3092 497 3150 pro
512 3072 554 3131 Μ.
569 3073 676 3133 Crasso
690 3071 752 3155 (Αά
765 3073 846 3133 Fam.
866 3093 889 3132 1.
905 3094 933 3150 9,
951 3072 1011 3153 2ο).

275 3175 294 3235 †
367 3216 384 3243 ‚,
439 3171 475 3231 de
491 3173 681 3233 Reatinorum
697 3172 794 3232 Causa
809 3169 872 3253 (Ad
885 3173 944 3232 Att.
962 3194 988 3245 4,
1007 3188 1052 3247 15,
1070 3170 1111 3251 5).

274 3274 294 3334 'r
371 3315 388 3341 „
443 3289 497 3348 pro
511 3270 545 3330 C.
561 3269 672 3331 Messio
688 3271 747 3350 (Αά
762 3271 821 3331 Att.
838 3291 865 3342 4.
883 3285 928 3344 15,
944 3269 984 3349 9).

274 3372 293 3431 't
367 3414 385 3442 „
463 3415 479 3441 ‚,
515 3369 613 3429 Druso
628 3367 689 3450 (Ad
704 3369 763 3428 Att.
778 3369 796 3428 l.
811 3388 856 3440 c.;
878 3368 926 3428 Ad
941 3368 979 3441 Q.
994 3369 1025 3428 F.
1042 3388 1067 3427 2.
1086 3373 1130 3440 16,
1146 3368 1186 3448 3).

265 3466 300 3499 *¹²
366 3513 373 3539 ‚
459 3514 475 3539 „
519 3468 639 3528 Vatinio
653 3467 775 3545 (Ascon.
790 3468 820 3525 in
836 3468 986 3527 Scaurian.
1002 3487 1030 3545 p.
1048 3487 1124 3544 131;
1146 3468 1195 3528 Ad
1210 3469 1249 3543 Q.
1264 3470 1298 3530 F.
1317 3490 1342 3529 2.

592 3570 638 3638 16,
654 3564 697 3647 3).

364 3709 381 3737 ,,
459 3712 477 3738 ,,
519 3665 627 3726 Scauro
643 3666 765 3747 (Ascon.
780 3665 797 3723 l.
814 3684 857 3737 c.;
879 3664 928 3723 Ad
942 3663 981 3736 Q.
995 3663 1028 3723 F.
1045 3684 1072 3742 3.
1091 3684 1115 3737 1,
1134 3664 1192 3744 11).

365 3806 382 3833 ,,
460 3808 476 3836 ,,
519 3762 574 3824 Cn.
604 3764 723 3825 Plancio
752 3763 811 3844 (Αά
841 3763 879 3837 Q.
909 3763 941 3824 F.
967 3764 984 3822 l.
1007 3783 1049 3837 c.;
1087 3764 1181 3824 Schol.
1205 3765 1279 3826 Bob.
1303 3769 1342 3828 ad

589 3862 736 3923 Plancian.
751 3865 806 3923 sub
820 3860 903 3942 init).

272 3962 292 4022 'r
365 4004 381 4030 ‚‚
458 4006 475 4032 „
518 3962 553 4020 A.
569 3961 697 4021 Gabinio
711 3962 782 4039 (Pro
797 3962 873 4022 Rab.
887 3961 1028 4034 Postu,
1045 3980 1104 4037 323
1126 3961 1205 4022 Dion
1221 3962 1341 4025 Cassius

589 4080 637 4136 39
653 4058 713 4140 55)·

365 4200 381 4226 ,,
457 4202 474 4228 ,,
517 4155 686 4218 C.Rabirio
701 4158 850 4218 Postumo

270 4258 289 4318 †
458 4254 719 4326 „Tenediorum
734 4255 879 4317 Libertate
893 4255 1008 4336 (AdQ.
1022 4256 1055 4319 F.
1071 4277 1098 4317 2.
1116 4276 1161 4329 11,
1179 4255 1217 4338 2).

272 4351 368 4410 *De
383 4352 557 4431 Republica
572 4354 634 4412 libri
649 4373 675 4411 vi
668 4352 747 4432 (cp.
762 4354 811 4413 Ad
825 4356 883 4414 Att
901 4373 928 4428 4.
947 4360 994 4428 16,
1011 4359 1052 4433 2).

175 4469 215 4529 53
230 4452 242 4512 i
321 4450 423 4512 Oratio
437 4452 474 4512 de
488 4452 566 4511 Aere
581 4453 685 4513 Alieno
700 4452 820 4513 Milonis
833 4452 944 4533 (Schol.
958 4454 1034 4515 Bob.
1050 4453 1192 4536 Argum).
