3052 5026
188 382 252 465 468
535 383 587 447 M.
613 382 778 444 TULLII
797 378 1051 446 CICERONIS
1233 375 1329 468 [rant
1343 394 1391 440 lv.

190 576 270 621 sane
282 576 383 640 quam
393 560 504 641 proco
514 576 552 620 ac
563 554 661 619 debui
673 553 817 639 graviter
825 552 1030 635 molesteque
1039 552 1100 616 tuli
1113 571 1390 636 communemque

189 681 264 726 eam
287 661 512 726 calamitatem
535 658 735 734 existimavi,
757 658 823 740 qui,
845 657 872 721 si
896 656 968 722 istic
990 656 1178 735 adfuissem,
1196 677 1303 738 neque
1325 656 1389 721 tibi

188 764 365 829 defuissem
382 784 560 846 coramque
576 782 686 826 meum
699 760 848 826 dolorem
858 761 920 826 tibi
932 760 1160 825 declarassem.
1199 760 1272 825 Etsi
1282 781 1389 843 genus

189 867 253 933 hoc
268 868 502 933 consolationis
518 868 673 931 miserum
689 875 789 948 atque
804 867 960 931 acerbum
972 873 1032 938 est,
1041 873 1216 947 propterea
1226 866 1314 947 quia,
1329 885 1389 947 per

163 989 272 1054 tquos
295 993 334 1035 ea
355 971 489 1038 confieri
511 971 611 1034 debet
635 964 853 1056 [propinquos
882 989 921 1034 ac
945 963 1146 1055 familiares],
1170 968 1192 1031 ii
1223 969 1285 1051 ipsi
1315 969 1387 1050 pari

189 1077 339 1141 molestia
355 1075 551 1142 adficiuntur
565 1095 672 1158 neque
687 1074 758 1138 sine
773 1073 916 1138 lacrimis
935 1073 1046 1137 multis
1064 1073 1097 1136 id
1113 1073 1222 1137 conari
1239 1086 1387 1157 possunt,

189 1181 237 1243 uti
255 1181 359 1264 magis
375 1180 437 1262 ipsi
448 1179 625 1243 videantur
640 1177 780 1243 aliorum
797 1176 1022 1242 consolatione
1037 1175 1182 1259 indigere
1197 1197 1297 1260 quam
1313 1179 1388 1244 aliis

187 1304 285 1366 posse
300 1304 396 1347 suum
410 1283 553 1346 officium
572 1291 750 1364 praestare,
763 1290 874 1345 tamen
890 1301 976 1364 quae
991 1281 1023 1343 in
1040 1282 1224 1364 praesentia
1242 1283 1276 1345 in
1291 1303 1385 1347 men-

186 1398 256 1451 tem
272 1387 351 1451 mihi
367 1396 537 1459 venerunt,
553 1386 681 1450 decrevi
698 1385 790 1448 brevi
805 1385 847 1448 ad
860 1395 895 1449 te
910 1385 1120 1466 perscribere,
1137 1407 1202 1450 non
1218 1405 1285 1469 quo
1300 1407 1339 1450 ea
1349 1396 1385 1451 te

143 1513 174 1549 ιο
187 1490 299 1574 fugere
313 1490 512 1567 existimem,
526 1490 585 1553 sed
604 1490 694 1571 quod
715 1488 852 1552 forsitan
875 1487 989 1552 dolore
1012 1489 1190 1572 impeditus
1214 1490 1322 1554 minus
1344 1510 1384 1554 ea

186 1596 372 1679 perspicias.
417 1594 508 1678 Quid
524 1605 576 1659 est
591 1595 682 1677 quod
695 1602 789 1658 tanto
805 1614 905 1677 opere
920 1604 955 1658 te
969 1602 1179 1659 commoveat
1193 1603 1271 1658 tuus
1286 1594 1384 1660 dolor
1399 1609 1416 1654 a

185 1700 383 1764 intestinus?
414 1699 534 1783 cogita,
557 1718 656 1780 quern
687 1698 730 1761 ad
761 1699 899 1762 modum
928 1698 1038 1761 adhuc
1060 1697 1189 1762 fortuna
1212 1698 1384 1763 nobiscum

185 1804 310 1887 egerit:
333 1824 372 1868 ea
394 1803 489 1866 nobis
513 1810 626 1884 erepta
649 1821 730 1878 esse,
745 1822 830 1884 quae
852 1800 1041 1865 hominibus
1063 1823 1128 1865 non
1153 1801 1260 1864 minus
1282 1824 1384 1885 quam

185 1905 280 1971 liberi
296 1927 371 1972 cara
386 1927 457 1970 esse
472 1906 605 1981 debent,
620 1906 774 1989 patriam,
793 1904 1012 1983 honestatem,
1027 1906 1233 1989 dignitatem,
1242 1905 1384 1971 honores

140 2031 171 2081 15
186 2031 309 2074 omnes.
356 2011 433 2074 Hoc
452 2030 517 2073 uno
536 2010 748 2074 incommodo
771 2009 886 2074 addito
907 2010 988 2092 quid
1011 2010 1054 2073 ad
1077 2009 1224 2074 dolorem
1247 2011 1383 2095 adiungi

186 2115 319 2197 potuit?
341 2121 399 2177 aut
415 2113 470 2195 qui
486 2134 553 2177 non
569 2113 601 2176 in
618 2112 682 2176 illis
698 2114 794 2177 rebus
810 2113 1011 2178 exercitatus
1031 2114 1160 2177 animus
1176 2111 1293 2179 callere
1315 2115 1383 2179 iam

184 2218 284 2281 debet
299 2226 399 2300 atque
414 2217 525 2281 omnia
541 2217 677 2280 minoris
696 2217 907 2282 existimare?
951 2216 1009 2279 An
1033 2215 1120 2280 illius
1141 2218 1412 2303 vicem,;credo,a

182 2361 225 2410 Ad
240 2362 293 2411 Art.
309 2374 346 2409 12.
365 2374 403 2421 12,
418 2374 446 2419 1;
463 2375 502 2425 ep.
518 2359 572 2409 also
590 2360 631 2409 Ad
649 2362 719 2410 Fam.
732 2376 756 2425 9.
808 2360 924 2421 conduct,
934 2378 972 2411 we
985 2361 1075 2410 should
1089 2358 1183 2425 expect
1191 2361 1235 2411 the
1249 2362 1382 2413 indicative

184 2441 222 2487 11,
237 2441 258 2476 1.
292 2425 380 2475 Hofm.
394 2427 468 2476 refers
485 2433 512 2475 to
529 2426 571 2474 nd
588 2427 658 2476 Fam.
680 2439 716 2491 14.
733 2442 755 2489 5,
809 2427 860 2490 (see
872 2427 919 2491 Ep.
933 2427 972 2486 28,
985 2436 1008 2491 7.
1020 2430 1105 2485 notel;
1124 2428 1187 2476 bnt‘
1197 2426 1349 2492 perspicias'
1360 2429 1382 2478 is

184 2506 194 2540 r
221 2507 247 2541 as
269 2493 381 2557 shewing
411 2491 466 2541 that
488 2507 555 2540 news
577 2492 658 2556 might
683 2492 756 2543 reach
807 2493 943 2542 accounted
953 2493 990 2541 for
1001 2493 1033 2556 by
1042 2493 1084 2541 the
1092 2493 1207 2542 insertion
1216 2492 1245 2540 of
1252 2492 1381 2543 ‘forsitan'

183 2558 279 2606 Athens
291 2558 314 2605 in
327 2563 420 2620 twenty
432 2558 493 2621 days
504 2556 566 2606 from
580 2558 666 2606 Rome.
807 2557 854 2623 Cp.
866 2558 951 2607 Madv.
965 2572 1013 2620 550
1025 2559 1049 2617 b,
1062 2558 1123 2608 obs.
1140 2571 1163 2618 3.
1197 2557 1282 2623 Siipfle
1296 2559 1382 2609 thinks

217 2636 238 2670 r.
257 2625 331 2672 Sane
345 2638 437 2682 quem,
452 2621 607 2686 ‘assuredly.‘
642 2624 690 2688 Cp.
706 2622 754 2687 Ep.
806 2623 861 2672 that
894 2622 1087 2672 ‘existimarem’
1114 2624 1164 2672 and
1199 2625 1381 2688 ‘perspiceres'

182 2702 221 2751 33,
236 2702 258 2738 a.
805 2688 890 2737 would
902 2689 932 2737 be
946 2704 1014 2739 more
1026 2697 1128 2748 correct,
1139 2691 1183 2739 but
1199 2688 1253 2737 that
1265 2689 1379 2741 ‘decrevi

213 2756 271 2802 Pro
283 2768 316 2803 eo
333 2751 531 2813 acuebatur.
552 2753 592 2801 ‘in
626 2754 755 2817 roportion
805 2753 1090 2818 perscribere'involves
1101 2754 1143 2802 the
1155 2762 1257 2818 present.

180 2835 208 2869 es
228 2819 308 2868 Iwas
325 2819 410 2867 bound
429 2826 456 2868 to
474 2818 508 2867 do
525 2816 569 2867 so.'
604 2769 651 2883 gp.
670 2818 755 2868 Madv.
841 2823 975 2876 11.de
997 2823 1152 2878 estquod:
1177 2835 1218 2884 cp.
1239 2819 1320 2869 ‘nihil
1341 2830 1379 2871 est

241 2884 265 2933 b.
299 2886 339 2932 An
357 2884 467 2933 instance
479 2884 508 2932 of
521 2883 563 2933 the
580 2899 696 2934 common
711 2900 756 2935 nse
805 2885 886 2948 quod’
900 2886 947 2949 Ep.
959 2899 1000 2949 92,
1014 2900 1035 2948 5,
1048 2894 1114 2935 note.

181 2965 197 2999 0
219 2953 226 2977 ‘
238 2948 282 3000 ac’
294 2949 319 2997 in
330 2950 506 3013 comparisons.
841 2964 877 2998 η.
895 2954 1063 3011 Intestinus,
1086 2948 1211 3014 ‘private,'
1231 2950 1379 3016 ‘personat’

214 3029 237 3065 2.
255 3018 331 3075 Istic,
347 3013 482 3078 ‘inltaly,’
491 3015 573 3064 where
584 3015 673 3065 Cicero
684 3031 743 3065 was.
805 3014 905 3064 Miiller.
940 3018 1027 3065 Arare
1039 3032 1107 3067 sense
1119 3016 1148 3065 of
1156 3016 1199 3067 the
1210 3017 1286 3076 word,
1299 3033 1379 3082 appa-

213 3084 313 3139 Neque
328 3118 334 3129 .
348 3117 354 3128 .
370 3095 533 3138 coramque:
552 3096 590 3144 cp.
609 3080 639 3128 In
656 3081 713 3130 Cat.
732 3095 754 3129 a.
804 3081 891 3144 rently.
936 3082 983 3146 Cp.
1008 3082 1056 3146 Ep.
1080 3097 1120 3146 99,
1146 3095 1159 3129 a
1187 3083 1225 3130 for
1247 3098 1262 3131 a
1283 3083 1379 3132 similar

182 3159 220 3207 13,
234 3147 263 3194 28
277 3149 319 3194 ‘ut
331 3161 409 3209 neque
420 3147 499 3194 bonus
511 3146 640 3209 qnisquam
653 3147 754 3197 intereat
806 3146 948 3210 opposition
961 3147 991 3196 of
999 3147 1085 3212 public
1096 3147 1144 3196 and
1156 3148 1249 3212 private
1260 3146 1350 3197 affairs.

179 3225 527 3340 ppaampguepppvip
538 3211 754 3337 ahazta
803 3215 1378 3342 ..tahtsstttthththth‘·¹tth

180 3358 247 3392 more
259 3357 382 3391 common.
417 3343 464 3406 Cp.
477 3341 562 3391 Madv.
574 3343 622 3405 458
635 3358 656 3390 c.
803 3341 886 3390 fama!
920 3343 1049 3394 Matthiae.
1084 3344 1130 3408 Cp.
1150 3344 1198 3393 Pro
1222 3344 1296 3393 Rosc
1318 3346 1377 3393 Am.

212 3420 235 3468 3.
254 3410 350 3457 Genus
359 3411 412 3457 hoo
421 3410 632 3468 consolationis,
640 3407 685 3456 ie.
695 3411 702 3434 ‘
711 3409 753 3457 the
805 3420 843 3471 39,
857 3421 904 3470 114
916 3409 1061 3459 ‘damnatus
1073 3446 1078 3458 .
1092 3445 1099 3460 .
1110 3409 1265 3459 honestatem
1277 3425 1377 3460 omnem

178 3473 330 3523 condolence
358 3473 387 3522 of
414 3472 485 3522 those
515 3471 573 3521 who
605 3473 753 3523 themselves
803 3473 943 3522 amitteret!

182 3536 271 3588 satier!
839 3537 876 3587 16.
895 3543 958 3598 Qui,
971 3539 1092 3603 probably
1104 3556 1134 3588 an
1146 3539 1246 3589 adverb.

210 3619 235 3665 4.
252 3605 390 3651 Miserum
401 3608 485 3661 atque
494 3606 635 3665 acerbum,
646 3603 752 3669 ‘painful
836 3607 872 3651 In
884 3608 942 3653 illis
953 3610 1037 3654 rebus
1050 3609 1228 3663 exercitatus,
1247 3605 1316 3654 ‘that
1332 3605 1377 3655 has

178 3669 227 3718 and
238 3667 397 3732 distressing?
803 3669 864 3718 been
876 3671 971 3719 trained
988 3671 1013 3718 in
1029 3669 1084 3719 that
1100 3670 1186 3720 school
1198 3672 1227 3719 of
1240 3670 1325 3735 public
1336 3686 1376 3720 ca·

211 3737 293 3791 ina.
328 3734 415 3782 Cicero
438 3734 522 3782 would
545 3733 668 3797 probably
690 3734 752 3784 have
804 3734 892 3822 lamitp
909 3737 934 3783 in
954 3735 1034 3784 which
1052 3753 1090 3786 we
1105 3737 1168 3785 have
1185 3737 1246 3785 been
1264 3734 1376 3785 trained’

178 3800 273 3848 written
287 3797 385 3862 ‘quod'
418 3799 514 3848 Manut.
804 3801 867 3849 ‘Ille
904 3800 934 3849 of
952 3802 1093 3865 something
1114 3801 1171 3852 well
1193 3801 1294 3851 known.
1327 3801 1376 3867 Cp.

212 3880 234 3927 5.
252 3866 380 3913 confieri
414 3862 542 3913 ‘Confici’
559 3864 580 3914 is
599 3881 668 3915 more
684 3880 752 3914 com·
803 3865 889 3914 Madv.
901 3867 949 3928 485
960 3867 983 3915 b.

177 3944 246 3988 mon,
258 3929 344 3978 Madv.
359 3930 469 3991 143,but
481 3945 521 4058 q).
533 3930 574 4043 ff)
594 3933 634 3993 58,
646 3945 668 3992 3.
835 3934 952 3991 callere,
969 3948 1023 3981 rare
1042 3933 1067 3981 in
1088 3931 1138 3982 this
1156 3947 1232 3982 sense.
1268 3931 1376 3982 Forcell.

210 3995 410 4060 [Psoptnquoq
432 3994 485 4044 foll.
579 3996 647 4045 these
670 3996 753 4045 words
802 3997 1135 4062 onlyquotcsthispassage.
1169 3997 1255 4061 Siipfle
1266 3997 1376 4047 remarks

177 4076 218 4110 are
229 4061 343 4124 genuine,
357 4060 398 4109 the
409 4076 489 4109 accus.
499 4062 752 4148 mustbeexplained
801 4062 856 4110 that
884 4061 1028 4111 Ciceronian
1061 4079 1136 4127 usage
1165 4063 1249 4111 would
1281 4063 1376 4128 require

176 4141 205 4175 as
227 4125 343 4188 used⁶by
365 4126 497 4175 attraction
519 4134 545 4175 to
570 4131 652 4190 ‘quos
702 4128 749 4193 Cp.
801 4127 954 4187 occalluisse,
972 4128 1141 4189 concalluisse,
1161 4127 1325 4192 percalluisse,
1347 4143 1376 4177 or

177 4191 261 4239 Madv.
276 4202 331 4253 207,
342 4190 423 4249 obs.;
441 4192 539 4255 Zumpt,
552 4192 581 4242 L.
594 4191 625 4240 G.
639 4193 694 4254 814.
801 4193 953 4242 obdnmisse.
978 4194 998 4243 C
1020 4195 1086 4242 ‚Pro
1103 4194 1159 4242 Mil.
1174 4195 1211 4251 28,
1226 4192 1375 4256 76⁴obdur·

209 4270 232 4319 9.
251 4259 346 4304 Brevi.
381 4256 427 4321 Cp.
449 4256 515 4321 Epp.
541 4271 579 4371 aq,
601 4271 645 4318 135
670 4271 709 4322 91,
736 4271 747 4305 1
800 4265 903 4307 ueratet
922 4209 1083 4322 percalluerat
1101 4259 1207 4308 civitatis
1223 4258 1375 4308 incredibilis

176 4321 215 4369 for
229 4321 271 4370 the
282 4337 310 4369 su
347 4322 440 4370 ression
456 4323 485 4371 of
498 4338 553 4372 asu
572 4324 677 4372 stautive
688 4323 749 4372 with
799 4321 935 4388 patientia)
969 4324 1015 4373 But
1032 4325 1126 4373 neither
1136 4326 1194 4374 verb
1205 4325 1226 4372 is
1241 4323 1300 4373 used
1317 4324 1346 4374 of
1359 4340 1376 4373 a

176 4385 277 4435 ‘brevh'
340 4387 399 4435 ofrn.
800 4404 889 4454 person
902 4390 927 4437 in
938 4389 981 4439 the
992 4405 1096 4453 passage
1106 4390 1207 4454 quoted.

211 4464 248 4501 10.
269 4455 326 4500 Sed
338 4456 414 4509 quod
423 4489 430 4500 .
440 4487 446 4500 .
455 4456 617 4510 perspicias.
638 4455 674 4502 As
681 4453 750 4502 these
834 4465 872 4517 17.
890 4458 1010 4503 Minoris
1022 4459 1191 4504 existimare.
1212 4455 1301 4505 Cicero
1312 4454 1374 4505 does

175 4515 257 4566 words
263 4532 362 4582 express
369 4517 411 4569 the
423 4517 474 4568 real
482 4519 574 4571 motive
584 4518 612 4569 of
617 4518 749 4584 Sulpieins‘
799 4527 842 4570 not
856 4535 898 4569 use
912 4517 1081 4570 ‘existimue'
1091 4521 1118 4570 in
1134 4521 1184 4571 this
1200 4536 1264 4585 way,
1275 4521 1320 4571 bnt
1333 4536 1374 4587 cp.
