3030 5542
170 822 235 891 542
519 811 569 873 M.
594 809 756 871 TULLII
778 808 1033 873 CICERONIS
1236 803 1336 896 [Pana
1353 825 1384 871 v.

172 993 303 1049 tacente
312 1003 365 1048 me
375 983 504 1067 probat,
515 983 655 1048 dicendo
667 983 796 1046 vincere
806 1003 872 1046 non
885 980 1027 1063 postulo.
1070 980 1148 1065 Qua
1163 1001 1198 1046 re
1214 980 1380 1046 maiorem
1394 1004 1413 1051 n

173 1089 206 1151 in
223 1090 360 1152 modum
379 1097 414 1151 te
435 1108 527 1171 rogo,
543 1097 581 1152 ut
599 1107 668 1150 rem
691 1087 855 1169 potiorem
879 1087 1028 1150 oratione
1051 1086 1153 1150 ducas
1176 1087 1337 1169 mihique,
1352 1087 1380 1151 si

173 1193 276 1257 sentis
300 1191 458 1275 expedire
484 1203 572 1256 recte
596 1192 676 1269 fieri,
700 1192 815 1255 credas
844 1190 968 1254 nullam
999 1191 1268 1255 communionem
1299 1212 1380 1255 cum

175 1296 335 1377 improbis
354 1316 425 1359 esse
440 1316 546 1377 posse.
591 1295 658 1373 An,
670 1297 760 1378 quod
783 1296 977 1359 adulescens
999 1294 1157 1379 praestiti,
1173 1315 1248 1359 curn
1273 1295 1378 1359 etiam

145 1420 282 1473 serrare
297 1420 371 1464 cum
387 1401 602 1464 excusatione
617 1420 759 1483 possem,
769 1399 802 1463 id
818 1420 913 1471 nunc,
923 1408 1032 1462 aetate
1044 1399 1273 1483 praecipitata,
1284 1419 1377 1462 com·

174 1513 300 1567 mutem
315 1523 353 1567 ac
369 1524 423 1567 me
438 1504 509 1586 ipse
523 1509 698 1568 retexam?
742 1504 820 1567 Non
837 1504 963 1579 faciam,
976 1523 1083 1586 neque
1098 1504 1188 1585 quod
1201 1503 1378 1585 displiceat

174 1608 390 1684 committam,
411 1618 641 1690 praeterquam
664 1610 755 1691 quod
778 1607 929 1684 hominis,
951 1606 1030 1668 mihi
1053 1606 1315 1671 coniunctissimi
1338 1626 1378 1670 ac

172 1711 232 1773 viri
252 1710 444 1794 amplissimi
466 1712 565 1775 doleo
584 1732 718 1794 gravem
742 1731 865 1776 casum.
911 1711 1012 1793 Quod
1029 1711 1055 1774 si
1072 1711 1168 1775 aliter
1183 1731 1290 1775 essem
1306 1710 1378 1774 ani-

174 1824 293 1891 matus,
317 1835 499 1896 numquam
530 1817 620 1897 quod
651 1816 790 1879 iacerem
816 1835 982 1896 negarem,
1008 1835 1050 1879 ne
1079 1825 1113 1879 et
1142 1815 1174 1877 in
1206 1816 1377 1895 peccando

131 1939 161 1974 10
176 1918 346 2000 improbus
383 1929 417 1983 et
454 1919 487 1981 in
519 1919 758 1983 dissimulando
789 1920 925 1984 timidus
954 1939 993 1983 ac
1023 1939 1128 1983 vanus
1156 1919 1377 1983 existimarer.

174 2022 242 2087 ‘At
266 2023 369 2100 ludos,
391 2043 476 2104 quos
499 2022 648 2089 Caesaris
670 2025 826 2088 victoriae
850 2023 972 2087 Caesar
994 2023 1186 2087 adulescens
1209 2024 1297 2102 lecit,
1320 2046 1408 2093 cu=o

173 2124 260 2189 ravi!
307 2126 355 2189 At
376 2127 409 2189 id
430 2129 473 2191 ad
492 2128 657 2210 privatum
673 2129 826 2205 officium,
843 2149 909 2191 non
932 2127 974 2192 ad
999 2137 1124 2191 statum
1148 2128 1194 2191 rei
1218 2129 1375 2211 publicae

174 2231 315 2313 pertinet
327 2251 335 2307 ;
365 2232 454 2312 quod
476 2241 589 2295 tamen
618 2253 736 2297 munus
758 2240 792 2296 et
814 2230 958 2295 hominis
980 2231 1168 2295 amicissimi
1192 2235 1375 2298 memoriae

172 2344 274 2416 atque
296 2333 476 2398 honoribus
498 2345 665 2418 praestare
687 2337 787 2400 etiarn
811 2335 933 2398 mortui
956 2334 1065 2409 debui,
1081 2344 1116 2398 et
1137 2336 1287 2418 optimae
1305 2338 1377 2420 spei

131 2456 159 2506 ¹5
173 2437 377 2502 adulescenti
401 2459 440 2502 ac
469 2439 665 2522 dignissimo
694 2438 836 2504 Caesare
864 2438 991 2521 patenti
1021 2459 1140 2521 negare
1170 2460 1236 2503 non
1268 2443 1376 2523 potui.

173 2541 260 2605 Veni
275 2543 376 2605 etiarn
392 2542 535 2607 consulis
558 2542 699 2607 Antonii
722 2544 859 2607 domum
882 2562 981 2623 saepe
1003 2541 1170 2606 salutandi
1185 2564 1308 2621 causa;
1333 2547 1375 2609 ad
1390 2564 1407 2613 r

173 2666 273 2729 quem
290 2647 346 2726 qui
367 2667 420 2709 me
441 2668 557 2729 parum
580 2649 708 2730 patriae
730 2657 898 2711 amantem
921 2665 992 2709 esse
1014 2646 1211 2711 existimant
1233 2650 1376 2732 rogandi

172 2750 308 2832 quidem
325 2750 450 2832 aliquid
465 2761 524 2816 aut
539 2751 708 2816 auferendi
724 2772 823 2816 causa
838 2750 1024 2833 frequentes
1038 2751 1199 2815 ventitare
1222 2754 1376 2836 reperies.

173 2852 241 2919 Sed
254 2876 339 2938 quae
348 2856 429 2920 haec
438 2864 488 2919 est
498 2856 703 2941 adrogantia,
715 2855 805 2939 quod
817 2855 940 2919 Caesar
949 2874 1131 2936 numquam
1141 2855 1375 2939 interpellavit,

172 3058 215 3108 the
226 3050 435 3124 lutnress'Siiplle:
454 3058 510 3109 ‘the
521 3058 588 3124 hope
604 3060 618 3109 1
633 3058 696 3110 have
706 3058 751 3108 left
793 3065 850 3124 part
873 3059 902 3106 os
921 3058 961 3107 his
983 3057 1089 3107 conduct
1111 3058 1165 3108 thet
1188 3060 1264 3109 could
1287 3061 1372 3113 offend

172 3124 236 3174 aner
246 3123 360 3174 Caesar's
370 3123 460 3184 death,'
473 3125 552 3176 Andr.
795 3123 917 3188 mybody.
942 3125 1126 3188 ‘Praeterquam
1134 3124 1245 3190 quod’=
1252 3129 1258 3152 ‘
1265 3138 1372 3193 excepto

209 3203 229 3239 r.
248 3193 377 3240 Dioondo
398 3193 530 3241 vincere:
554 3192 614 3256 ep‘
630 3187 749 3241 viceriut'
792 3205 823 3239 eo
834 3188 918 3254 quod.¹
941 3189 988 3254 Cp.
1001 3189 1124 3249 Foroell.;
1139 3190 1195 3240 also
1206 3190 1248 3240 Ad
1258 3192 1289 3256 Q.
1304 3193 1333 3243 F.
1347 3209 1369 3245 ι.

173 3255 223 3313 int
237 3270 258 3305 a.
795 3267 871 3319 14,1.

208 3335 229 3371 a.
248 3325 320 3370 Rem
327 3324 476 3381 potiorem,
485 3321 547 3382 toll,
562 3322 630 3372 ‘that
639 3338 689 3385 you
696 3321 749 3370 will
826 3322 848 3369 8.
869 3324 900 3369 st
921 3323 1004 3369 aliter
1023 3335 1113 3369 ersom
1132 3325 1284 3382 animatur,
1303 3326 1311 3350 ‘
1321 3324 1370 3374 iil

172 3387 229 3451 give
239 3403 307 3436 more
316 3387 408 3450 weight
420 3383 446 3437 to
457 3388 540 3451 things
549 3389 608 3436 than
616 3395 644 3437 to
653 3387 749 3436 words.‘
792 3401 856 3435 were
865 3386 995 3435 otherwise
1004 3384 1136 3450 disposed’
1148 3389 1187 3437 ie.
1201 3387 1237 3435 ‘ii
1248 3388 1261 3437 l
1273 3389 1370 3440 wished

173 3453 267 3502 Matius
278 3468 310 3517 ap
343 3453 381 3501 als
392 3460 419 3502 to
430 3453 469 3502 his
480 3453 523 3502 lise
534 3469 562 3502 ns
570 3453 751 3516 contradicting
792 3460 820 3503 to
827 3459 941 3516 promote
949 3452 1076 3501 disorder:
1093 3451 1246 3503 ‘Animatus'
1252 3455 1371 3505 anuu-

140 3570 142 3574 ,
173 3518 216 3568 the
231 3535 311 3567 remur
329 3535 341 3567 s
356 3519 385 3567 ol
398 3518 438 3567 his
452 3518 567 3568 enemies.
601 3519 649 3568 But
661 3518 750 3580 Andr„
793 3534 870 3579 mor.
904 3517 1012 3567 ForoelL

173 3583 291 3648 referring
301 3593 329 3633 to
340 3583 460 3633 ‘diceudo
471 3584 567 3633 vincere
577 3600 627 3633 non
636 3581 751 3648 postulo'
830 3597 866 3633 10.
884 3587 989 3638 Venus.
1002 3581 1095 3632 ‘salse’

173 3648 262 3710 above,
274 3649 357 3698 thinks
371 3650 425 3698 that
438 3649 480 3697 the
495 3648 577 3698 words
588 3665 660 3697 menn
678 3650 750 3713 ‘give
830 3651 990 3698 11.12udon.
1024 3649 1105 3698 There
1122 3665 1209 3714 gamer
1227 3664 1293 3700 were
1313 3667 1373 3716 pro·

173 3729 242 3763 more
254 3715 346 3779 weight
357 3722 384 3762 to
396 3715 458 3763 facts
468 3713 528 3763 than
540 3723 567 3762 to
579 3729 621 3778 my
632 3713 729 3763 words!
794 3714 865 3780 perly
884 3715 909 3762 in
932 3714 1029 3763 honour
1050 3714 1080 3764 oi
1096 3714 1180 3764 Venus
1203 3714 1327 3776 Genitrix,
1345 3726 1373 3768 to

207 3793 230 3842 3.
249 3783 336 3829 Recte
352 3783 425 3834 fleri.
438 3779 507 3828 ‘that
520 3779 604 3843 things
614 3779 705 3831 should
716 3795 751 3844 go
794 3780 877 3829 whom
889 3780 981 3829 Caesar
993 3780 1078 3829 vowed
1091 3796 1105 3828 a
1117 3780 1210 3844 temple
1222 3796 1254 3829 on
1267 3782 1310 3832 the
1322 3784 1373 3848 day

173 3860 206 3895 on
215 3846 368 3907 well,'‘that
379 3845 428 3894 law
439 3844 487 3893 and
500 3845 588 3906 justice
597 3845 688 3894 should
696 3862 751 3911 pre·
795 3846 825 3895 oi
844 3845 982 3905 Pharsalus,
1001 3847 1045 3894 but
1064 3846 1129 3895 their
1148 3845 1199 3894 real
1219 3846 1302 3910 object
1321 3865 1373 3900 was

172 3909 244 3961 vaih'
794 3918 822 3961 to
842 3919 1032 3961 commemorate
1055 3911 1097 3959 the
1115 3911 1217 3974 victory.
1250 3914 1374 3965 Octavius

207 3991 231 4039 5.
248 3980 352 4026 Aetate
379 3978 572 4034 praecipitata,
602 3978 610 4004 ¹
617 3991 675 4026 now
697 3975 751 4026 that
794 3976 933 4026 undertook
948 3984 976 4025 to
989 3977 1113 4026 celebrate
1126 3977 1202 4035 them,
1217 3978 1261 4026 but
1278 3978 1374 4030 Matius

174 4058 217 4105 my
228 4042 271 4090 lile
287 4041 333 4090 har
349 4041 438 4107 passed
454 4042 486 4090 its
503 4042 598 4091 middle
606 4040 701 4156 lpointss
715 4043 751 4092 ‘is
795 4042 844 4092 und
861 4043 944 4091 others
961 4041 1075 4105 supplied
1092 4042 1133 4092 the
1150 4057 1278 4107 necessary
1291 4045 1373 4096 lunda

173 4108 285 4171 drawing
296 4123 356 4156 near
366 4109 397 4156 its
409 4105 492 4156 close?
526 4108 605 4158 Force

206 4173 229 4222 6.
248 4176 295 4222 He
315 4177 376 4230 ipae
394 4180 528 4224 retentu
570 4174 595 4223 A
614 4172 689 4223 hnrsh
709 4188 750 4222 ex·
827 4175 979 4235 Viotorine,
993 4173 1034 4221 ‘in
1046 4173 1143 4222 honour
1158 4173 1188 4223 oi
1200 4173 1242 4223 the
1258 4175 1373 4242 victory.¹

174 4239 292 4304 pression.
326 4239 373 4303 Cp.
391 4239 421 4287 In
439 4239 507 4289 Verr.
523 4241 615 4301 Μαί.
633 4253 654 4289 a.
668 4237 750 4300 26,63
794 4238 881 4289 Madv.
895 4251 949 4301 ²4¹·

173 4307 260 4355 ‘istius
271 4310 411 4370 praeturam
420 4304 543 4355 retexere!
564 4305 658 4354 Matius
665 4320 750 4355 means
828 4306 929 4353 anaar
941 4306 1113 4364 adnlesoena,
1125 4318 1159 4353 sc.
1172 4304 1299 4356 Octavius.

175 4372 258 4421 ‘undo
269 4372 312 4420 the
322 4372 392 4420 work
404 4370 433 4420 oi
441 4386 483 4435 my
496 4368 554 4420 life!
830 4382 872 4433 19.v
887 4372 1101 4425 Quaohaeoeat
1111 4372 1294 4428 adrogantia.
1307 4388 1373 4424 .eor

206 4441 274 4487 Non
308 4438 419 4499 tnoinm,
453 4452 486 4486 se.
517 4434 582 4485 ‘ita’
610 4452 640 4485 or
668 4433 749 4485 ‘hoo’
795 4439 937 4485 ..nonant
971 4435 1054 4484 These
1067 4435 1372 4488 wordaeretohetalrcn

176 4503 280 4552 'Facio'
296 4502 318 4551 is
335 4503 402 4552 often
419 4503 478 4552 used
492 4503 597 4553 without
608 4518 640 4552 en
651 4517 750 4552 accum-
793 4508 822 4551 to
839 4501 915 4550 ether.
948 4500 988 4550 On
1005 4500 1048 4550 the
1064 4517 1108 4551 nse
1124 4500 1153 4549 oi
1167 4501 1209 4550 the
1226 4518 1307 4552 accus.
1322 4505 1374 4554 end

173 4570 222 4617 tivo
240 4569 371 4633 following
388 4570 414 4618 it
794 4517 839 4616 ini
849 4568 874 4615 in
887 4567 946 4616 such
958 4583 973 4615 n
985 4582 1097 4631 passage,
1107 4583 1121 4616 e
1141 4604 1146 4615 .
1157 4581 1182 4631 p.
1193 4567 1233 4652 85,
1243 4568 1261 4617 l.
1271 4567 1295 4629 6,
1305 4578 1374 4621 note.

207 4638 291 4691 Quod
313 4638 472 4696 dirplioeet,
492 4650 525 4683 sc.
549 4630 654 4691 ‘elicui'
676 4634 751 4697 ‘amy-
794 4633 849 4682 The
858 4632 940 4681 words
948 4632 1106 4697 from‘qnod
1138 4648 1207 4683 mar
1228 4635 1374 4687 tu‘nterer'

173 4700 244 4764 thing
260 4699 339 4762 likely
355 4708 381 4749 to
398 4702 456 4763 give
472 4697 581 4750 offense:
614 4697 706 4763 Siipfle.
794 4698 1008 4763 areparenthetlc,
1022 4698 1071 4747 and
1088 4698 1187 4762 ‘quod’
1204 4715 1261 4763 may
1276 4702 1374 4752 heren

208 4777 230 4829 y.
253 4769 456 4823 Praeterquam
483 4768 560 4824 quod
585 4800 592 4813 .
616 4801 622 4814 .
645 4779 749 4825 aarum,
794 4764 870 4814 dered
893 4763 1036 4825 ‘whereas’
1059 4780 1088 4814 or
1110 4763 1217 4831 perhaps
1243 4765 1376 4839 ‘though'

174 4834 277 4895 ‘except
300 4831 325 4879 in
348 4830 486 4895 lamenting
507 4831 549 4881 the
571 4828 647 4880 death
670 4830 699 4878 ol
718 4845 750 4878 en
795 4829 902 4879 Forcell.
944 4830 992 4894 Cp.
1016 4830 1056 4880 De
1078 4830 1160 4881 Amic.
1185 4844 1223 4894 ²4·
1246 4847 1280 4898 90
1304 4833 1374 4900 ι[εις]

174 4897 287 4946 intimate
301 4896 380 4945 friend
391 4898 543 4946 andnmost
554 4897 662 4945 eminent
677 4894 750 4944 man!
795 4896 921 4960 obiurgari
943 4895 1048 4946 moleste
1070 4895 1166 4948 serunt:
1195 4898 1264 4963 qnod
1286 4912 1376 4953 contre

173 4963 243 5024 This,
262 4962 354 5011 Matius
371 4978 464 5026 mensu,
482 4961 567 5012 would
584 4963 615 5012 he
631 4961 673 5012 the
691 4961 750 5025 only
795 4962 927 5027 oportebat
943 4960 1038 5012 delicto
1054 4960 1154 5014 dolere!

795 4108 842 4172 Cp.
854 4107 920 4157 Suet.
932 4106 988 4156 Oct.
1003 4120 1048 4163 103
1067 4109 1196 4156 Dmmunn
1212 4121 1304 4173 1.1a5.
