3030 5542
178 384 227 430 m.
244 361 291 455 5.]
539 368 604 427 AD
626 365 923 431 FAMILIARES
951 368 1027 431 Ma.
1342 381 1382 453 37

180 548 295 622 aperte
318 547 420 620 atque
448 537 589 621 ingenue
611 536 800 602 confitebar.
848 538 920 603 Iam
952 540 1015 602 hoc
1047 560 1112 602 non
1145 549 1256 622 potest
1288 541 1320 604 in
1348 553 1382 606 te

180 670 247 714 non
269 649 448 714 honorifice
470 670 542 714 esse
564 651 699 724 dictum,
724 670 778 715 me
804 650 837 713 in
859 651 1046 715 clarissimis
1077 651 1158 715 meis
1185 660 1286 734 atque
1311 672 1382 717 am-

180 754 337 835 plissimis
368 753 466 817 rebus
492 764 604 819 tamen
634 754 769 837 aliquod
793 755 1020 819 testimonium
1043 764 1120 819 tuae
1142 756 1233 819 vocis
1258 756 1382 821 habere

150 854 332 921 evoluisse.
378 857 479 940 Quod
498 868 610 922 autem
631 859 678 922 ita
697 857 819 935 scribis,
836 861 912 941 ‘pro
928 869 1045 923 mutuo
1065 857 1151 922 inter
1171 879 1230 924 nos
1249 859 1380 937 animo,'

181 961 262 1043 quid
284 971 322 1025 tu
345 962 517 1025 existimes
544 982 615 1025 esse
645 963 677 1025 in
705 961 851 1026 amicitia
880 972 1041 1039 mutuum,
1064 962 1195 1038 nescio;
1225 964 1409 1045 equidems

180 1066 244 1129 hoc
270 1066 421 1144 arbitror,
443 1087 519 1130 cum
547 1087 608 1149 par
630 1067 782 1132 voluntas
809 1067 968 1150 accipitur
993 1076 1026 1130 et
1054 1068 1209 1158 redditur.
1255 1068 1331 1151 Ego
1354 1071 1380 1132 si

181 1169 244 1234 hoc
271 1171 390 1249 dicam,
413 1191 466 1235 me
488 1182 546 1235 tua
574 1191 673 1235 causa
699 1172 958 1253 praetermisisse
988 1171 1200 1254 provinciam,
1223 1171 1284 1236 tibi
1311 1173 1381 1256 ipse

181 1275 284 1338 levior
304 1275 418 1339 videar
440 1296 532 1352 esse;
556 1295 650 1339 meae
673 1276 760 1338 enim
783 1275 927 1339 rationes
951 1275 996 1339 ita
1019 1274 1165 1339 tulerunt
1187 1286 1289 1357 atque
1312 1278 1380 1340 eius

180 1379 245 1441 mei
273 1377 397 1441 consilii
426 1379 585 1442 maiorem
613 1379 646 1441 in
673 1380 744 1443 dies
774 1378 920 1460 singulos
943 1377 1085 1443 fructum
1108 1379 1381 1462 voluptatemque

179 1481 296 1565 capio:
321 1482 401 1546 illud
424 1482 508 1560 dico,
525 1503 587 1557 me,
603 1493 640 1546 ut
660 1483 804 1565 primum
825 1483 859 1546 in
879 1482 1033 1547 contione
1054 1482 1256 1565 provinciam
1277 1485 1427 1566 depo-10

179 1586 310 1663 suerim,
333 1586 456 1662 statim,
479 1606 579 1667 quem
606 1587 648 1650 ad
678 1588 817 1650 modum
844 1607 917 1650 eam
947 1585 1007 1649 tibi
1037 1588 1211 1661 traderem,
1234 1587 1380 1670 cogitare

179 1690 334 1772 coepisse.
380 1689 472 1752 Nihil
496 1690 572 1753 dico
594 1691 637 1754 de
659 1690 832 1755 sortitione
853 1699 980 1754 vestra:
1012 1699 1143 1754 tantum
1166 1700 1201 1754 te
1222 1691 1379 1774 suspicari

178 1792 265 1870 volo,
294 1792 376 1856 nihil
409 1794 441 1855 in
471 1813 511 1856 ea
542 1814 577 1857 re
608 1815 666 1877 per
697 1793 858 1877 collegam
892 1814 1002 1858 meum
1034 1814 1088 1857 me
1119 1795 1277 1858 insciente
1309 1815 1380 1858 esse

179 1896 313 1961 lactum.
360 1897 547 1961 Recordare
568 1907 700 1975 cetera;
731 1918 831 1980 quam
859 1898 926 1961 cito
952 1908 1105 1962 senatum
1132 1897 1189 1960 illo
1215 1899 1269 1962 die
1292 1898 1379 1962 lacta

176 2001 348 2064 sortitione
375 2001 548 2083 coegerim,
572 2022 672 2084 quam
700 2000 803 2064 multa
828 2002 870 2065 de
895 2012 930 2065 te
952 2001 1052 2065 verba
1075 2000 1217 2077 fecerim,
1240 2021 1315 2065 cum
1339 2011 1376 2065 tu
1394 2027 1424 2078 15

179 2106 250 2186 ipse
264 2105 344 2168 mihi
361 2106 476 2168 dixisti
493 2106 676 2169 orationem
698 2125 807 2168 meam
828 2125 893 2167 non
915 2104 1022 2168 solum
1044 2107 1076 2168 in
1097 2114 1131 2169 te
1151 2104 1378 2181 honorificam,

146 2210 235 2272 ased
263 2210 362 2273 etiam
393 2209 425 2272 in
456 2207 599 2292 collegas
628 2219 704 2273 tuos
734 2209 1007 2273 contumeliosam
1039 2209 1147 2273 luisse.
1195 2210 1266 2273 Iam
1297 2211 1377 2274 illud

177 2323 311 2377 senatus
340 2312 538 2388 consultum,
561 2314 652 2395 quod
682 2334 723 2377 eo
752 2314 806 2376 die
837 2312 961 2377 factum
989 2324 1048 2386 est,
1071 2334 1110 2377 ea
1140 2314 1379 2397 perscriptione

177 2427 237 2492 est,
261 2427 308 2495 ut,
330 2419 411 2480 dum
442 2417 475 2479 id
503 2417 660 2494 exstabit,
683 2417 826 2481 officium
854 2438 965 2480 meum
993 2417 1025 2480 in
1052 2427 1086 2481 te
1108 2418 1283 2481 obscurum
1307 2441 1378 2485 esse

178 2541 243 2584 non
272 2521 387 2603 possit.
434 2521 553 2584 Postea
576 2542 655 2586 vero
681 2543 781 2604 quam
808 2522 975 2605 profectus
1000 2542 1045 2595 es,
1067 2520 1166 2584 velim
1197 2525 1378 2600 recordere,
1393 2544 1424 2578 20

178 2645 262 2707 quae
285 2644 348 2705 ego
371 2626 414 2687 de
436 2634 470 2687 te
492 2625 524 2686 in
547 2637 664 2688 senatu
685 2627 816 2707 egerim,
832 2646 917 2707 quae
942 2626 974 2687 in
1000 2624 1209 2688 contionibus
1227 2627 1378 2704 dixerim,

177 2751 260 2812 quas
285 2729 329 2792 ad
354 2740 388 2793 te
413 2729 542 2793 litteras
569 2730 732 2792 miserim:
762 2748 946 2811 quaecum
970 2728 1082 2792 omnia
1105 2727 1283 2810 collegeris
1306 2741 1377 2794 tum

209 2944 231 2992 5.
249 2933 394 2989 Mutuum,
406 2931 414 2956 ‘
421 2929 585 2993 reciprocity.'
839 2942 875 2976 12.
895 2931 933 2977 De
945 2929 1093 2978 sortltlone
1104 2932 1207 2976 vestra.
1243 2927 1297 2977 The
1308 2945 1377 2993 prae-

208 2994 232 3045 6.
249 2998 311 3052 Ego
330 2998 356 3043 si
377 2999 431 3043 hoo
453 2998 554 3045 droam
587 2996 627 3044 On
650 2994 693 3044 the
716 2995 752 3044 in·
803 3002 855 3043 tors
871 2993 911 3043 for
927 2993 959 3055 63
977 3005 1031 3042 uc.
1045 2992 1095 3041 had
1113 2998 1140 3040 to
1157 3003 1209 3041 cast
1226 2993 1283 3052 lots,
1299 3010 1376 3059 appa-

176 3062 266 3110 sertion
276 3061 305 3109 ol
311 3059 353 3109 the
361 3061 477 3125 personal
486 3076 608 3126 pronoun,
618 3077 658 3110 see
666 3061 751 3110 Madv.
804 3060 892 3122 rently,
910 3058 948 3107 lor
965 3059 1007 3108 the
1023 3066 1185 3123 governmeut
1202 3058 1232 3108 ol
1248 3060 1376 3125 Cisalpine

176 3129 230 3190 482.
804 3125 878 3207 Gpul,
892 3124 972 3174 which
985 3125 1034 3173 had
1048 3126 1148 3174 become
1161 3133 1248 3174 vacant
1263 3126 1294 3189 by
1306 3127 1376 3176 Cice·

175 3193 752 3322 ..ffithth't'liilillltlthtll
803 3190 1376 3321 {hemitheitilh‘t‘ltlltll?

176 3339 289 3382 summer,
300 3339 328 3371 or
339 3322 407 3385 early
416 3324 440 3371 in
450 3324 491 3372 the
503 3331 604 3371 autumn
614 3323 643 3371 os
652 3324 683 3384 63
694 3335 718 3372 n.
727 3336 750 3372 c.
803 3322 883 3370 trived
892 3331 917 3370 at
926 3319 1033 3371 Cicero's
1043 3321 1186 3384 suggestion
1195 3322 1249 3370 that
1259 3323 1278 3371 it
1285 3322 1375 3371 should

175 3389 264 3438 Cicero
275 3389 325 3437 had
338 3388 476 3437 renouneed
488 3388 525 3435 his
536 3387 610 3436 claim
621 3397 648 3438 to
659 3405 751 3454 govem
802 3389 878 3437 result
895 3388 919 3435 in
937 3388 1024 3436 favour
1035 3388 1064 3435 of
1079 3386 1203 3436 Metellus.
1237 3388 1338 3446 Boekel,
1350 3405 1374 3452 p.

176 3454 317 3519 aproviuce
329 3454 391 3502 alter
403 3453 445 3502 the
456 3453 593 3516 expiration
606 3454 635 3502 os
643 3455 682 3503 his
693 3471 752 3518 year
801 3468 841 3516 45,
865 3461 978 3517 suggests
1005 3454 1060 3501 that
1088 3452 1206 3501 Metellus
1233 3468 1291 3516 may
1312 3453 1375 3503 have

175 3520 205 3568 ol
213 3519 284 3569 office
295 3528 321 3569 at
334 3519 414 3568 Rome
428 3520 477 3583 (cp.
490 3519 536 3583 Ep.
548 3533 571 3582 9.
583 3522 617 3581 3),
631 3520 681 3568 and
693 3521 751 3569 thus
801 3519 912 3568 received
935 3519 974 3566 his
991 3519 1108 3582 province
1126 3519 1158 3581 by
1174 3534 1189 3566 a
1206 3518 1299 3582 special
1317 3529 1375 3568 vote

176 3585 301 3645 Metellus,
314 3601 361 3633 one
373 3584 403 3633 of
415 3585 457 3633 the
468 3593 579 3648 praetors
591 3586 629 3634 sor
640 3585 671 3647 63
685 3597 708 3634 Β.
716 3597 748 3645 c.,
800 3586 906 3633 without
918 3600 966 3647 any
976 3584 1114 3632 allotment.

176 3651 294 3699 obtained
306 3650 348 3700 the
365 3658 525 3714 govemment
537 3649 565 3698 ol
574 3649 659 3699 Gallia
670 3652 749 3700 Cisal·
836 3661 874 3711 17.
893 3653 1138 3699 contumeliosam.
1156 3650 1193 3697 As
1201 3648 1312 3715 exalting
1321 3650 1374 3699 Me-

176 3718 242 3780 pina.
275 3716 322 3765 See
335 3717 395 3765 lntr.
407 3723 435 3765 to
447 3716 505 3764 Part
518 3716 538 3776 l,
553 3721 565 3775 ς
580 3729 618 3764 10.
801 3716 875 3765 tellus
887 3723 912 3764 at
925 3717 967 3764 the
978 3730 1083 3779 expense
1095 3715 1124 3763 ol
1132 3713 1171 3762 his
1182 3714 1329 3778 colleagues.

208 3783 231 3830 8.
249 3783 355 3830 Levior
368 3785 467 3830 videar
478 3780 666 3841 aese,‘should
682 3796 748 3830 seem
833 3785 895 3830 Iam
918 3784 998 3829 illud.
1034 3781 1104 3829 ‘Iam
1126 3781 1314 3830 transitionibus
1338 3782 1373 3829 in·

176 3855 202 3895 to
213 3848 286 3896 make
298 3846 390 3896 loolish
408 3845 575 3911 preteusions'
611 3846 743 3896 ‘Ievis’=
799 3844 1080 3910 servit'=‘praeterea.'
1115 3846 1221 3894 Forcell.
1250 3848 1373 3911 Cp‘iam

178 3911 357 3977 ‘vaniloquus’
392 3913 498 3962 Foreell
533 3913 573 3962 On
589 3913 631 3962 the
642 3922 710 3962 tense
722 3915 752 3962 of
798 3910 1016 3976 hocnonpotest‘
1029 3912 1054 3961 in
1068 3916 1081 3971 §
1096 3926 1116 3960 a.

175 3979 284 4038 ‘dimm,
295 3977 397 4036 videar,'
409 3993 450 4027 see
466 3979 552 4027 Madv.
566 3987 611 4041 34⁹,-
625 3980 649 4027 b.
834 3979 871 4025 18.
889 3981 1105 4036 Penuriptione,
1127 3975 1219 4025 ‘form'
1255 3978 1304 4042 Cp.
1322 3979 1372 4027 Nil·

207 4047 288 4093 Meee
308 4047 440 4103 rationes,
461 4050 518 4108 'my
536 4042 663 4093 intercus?
702 4043 749 4094 See
798 4043 876 4108 gelsb.
890 4042 1006 4103 Stilistik,
1022 4047 1034 4101 ς
1048 4059 1071 4106 9,
1084 4060 1109 4108 p.
1122 4045 1160 4104 38.

175 4108 221 4173 Ep.
237 4123 257 4170 1,
272 4123 293 4166 1,
307 4119 375 4170 note,
386 4126 410 4175 p.
427 4109 465 4160 26.
833 4123 872 4158 ao.
889 4112 994 4159 Postea
1004 4124 1167 4166 veroquam
1185 4110 1326 4165 protectus
1343 4122 1373 4157 es

209 4188 245 4223 10.
263 4178 344 4223 Illud
355 4180 427 4235 dieo,
442 4175 509 4225 ‘this
525 4176 538 4225 I
555 4177 589 4226 do
606 4174 667 4239 say,’
678 4175 748 4225 reser—
800 4213 806 4225 .
820 4212 825 4223 .
838 4179 952 4233 egerim,
967 4180 973 4200 ⁴
984 4176 997 4224 I
1009 4174 1099 4223 should
1112 4175 1162 4222 like
1174 4189 1222 4236 you
1232 4182 1259 4221 to
1271 4191 1373 4222 remem-

174 4242 228 4306 ring
239 4249 266 4290 to
277 4240 346 4291 what
357 4242 465 4292 follows.
498 4242 582 4292 Madv.
593 4243 641 4305 485
659 4242 683 4291 b.
799 4242 844 4290 ber
866 4241 923 4288 how
944 4241 955 4288 I
979 4239 1085 4305 pleaded
1106 4255 1167 4302 your
1187 4254 1259 4287 cause
1282 4240 1307 4288 in
1330 4239 1372 4288 the

207 4311 401 4364 neporuorim
442 4306 603 4372 ‘Deponere’
623 4323 702 4356 seems
722 4315 749 4357 to
799 4315 883 4355 senate
901 4307 964 4355 alter
975 4322 1036 4369 your
1049 4302 1194 4369 departure'
1207 4304 1245 4352 lor
1256 4304 1372 4353 Picenum

174 4373 237 4423 have
254 4374 316 4422 been
333 4389 349 4421 a
366 4372 488 4423 techniml
504 4373 572 4423 word
590 4373 629 4421 lor
641 4373 750 4438 waiving
799 4381 826 4422 to
838 4380 877 4422 act
890 4371 986 4435 against
997 4371 1116 4419 Catiline.

174 4455 189 4487 a
200 4439 274 4489 claim
287 4446 315 4486 to
326 4439 369 4488 the
382 4449 544 4504 government
555 4439 584 4490 oi
596 4455 611 4488 a
623 4439 747 4504 province.
834 4452 871 4487 aa.
891 4441 1051 4494 collegeris,
1073 4441 1080 4463 ⁴
1093 4435 1156 4486 have
1176 4442 1220 4500 put
1242 4435 1372 4500 together,’

175 4504 279 4556 ForoelL
314 4504 363 4570 Cp.
376 4506 422 4570 Ep.
434 4520 460 4570 9,
472 4518 495 4567 3.
799 4503 872 4554 taken
884 4505 937 4553 into
947 4500 1068 4553 account.¹
