3052 5026
177 389 225 438 111.
246 372 331 456 14ο.]
517 376 582 435 ΑΙ)
604 375 903 438 FAMILIARES
923 379 965 440 Χ.
992 391 1042 459 15.

374 603 444 664 140.
491 598 644 668 Plancus
666 608 698 668 to
723 600 836 669 Cicero
859 602 930 689 (Ad
955 606 1047 671 Fam.
1064 629 1098 671 x.
1119 605 1181 692 15).
1251 634 1254 638 “

388 739 471 787 Ν1111
488 750 547 788 uua
565 740 659 800 Inar,
676 739 743 790 Mau
762 755 790 790 12
812 745 855 805 (ἓ),
872 757 904 806 43
922 754 978 793 uc.
999 745 1056 808 (71¹
1077 747 1169 806 nuc.)

211 863 231 900 1.
249 850 262 898 1
279 849 345 915 hope
362 851 416 900 that
431 850 445 899 1
460 851 522 901 have
540 853 640 901 secured
652 853 763 917 lepidus
781 852 819 904 sor
834 854 876 904 the
892 856 960 918 good
975 871 1046 907 canae
1055 873 1062 916 ;
1098 870 1118 904 a.
1137 856 1168 906 he
1186 856 1232 906 has
1248 858 1320 923 given
1338 858 1377 908 his

175 927 251 989 word,
265 929 298 992 by
309 929 456 985 Laterensis,
467 929 522 979 that
533 929 565 978 he
576 930 628 979 will
640 946 734 995 oppose
746 934 854 996 Antony,
869 933 918 981 and
931 933 944 981 1
956 950 997 982 am
1015 950 1047 983 on
1066 950 1107 998 my
1118 935 1203 984 march
1216 942 1243 983 to
1251 936 1304 998 join
1316 936 1375 984 him.
1454 970 1458 976 ·

175 1005 221 1068 My
232 1022 310 1069 army,
345 1020 367 1068 3.
384 1007 433 1056 and
444 1007 578 1072 especially
589 1025 631 1072 my
642 1009 748 1073 cavalry,
760 1011 813 1060 will
831 1012 861 1060 be
879 1018 945 1060 most
959 1012 1084 1063 welcome.
1120 1012 1207 1063 lhave
1218 1014 1322 1078 bridged
1334 1016 1375 1065 the

174 1083 253 1144 Isara,
264 1086 311 1133 and
323 1093 376 1134 sent
388 1101 430 1149 my
441 1085 542 1135 brother
553 1086 613 1135 with
624 1086 724 1151 cavalry
736 1094 763 1136 to
775 1104 871 1152 oppose
883 1089 912 1137 L.
924 1090 1055 1139 Antonius.
1089 1091 1102 1139 1
1113 1090 1178 1140 shall
1189 1091 1276 1141 follow
1288 1092 1378 1156 mysell

174 1162 235 1210 with
248 1162 290 1212 the
302 1172 351 1213 rest
362 1163 391 1211 ol
400 1179 441 1227 my
453 1180 529 1228 army.
564 1179 588 1226 4.
607 1164 677 1214 With
689 1166 842 1230 moderately
853 1167 920 1231 good
932 1166 1076 1217 fortunave
1088 1168 1152 1218 shall
1164 1170 1273 1219 succeed.

595 1293 754 1344 PLANCUS
777 1295 956 1345 CICERONI.

146 1428 159 1470 1
219 1412 282 1475 His
301 1413 418 1476 litteris
438 1413 571 1497 scriptis
597 1434 683 1497 quae
713 1425 829 1497 postea
857 1416 1054 1480 accidissent
1079 1417 1163 1481 scire
1185 1426 1218 1480 te
1239 1419 1281 1481 ad
1303 1437 1371 1480 rem

174 1515 340 1598 publicam
361 1518 475 1600 putavi
499 1519 681 1599 pertinere:
706 1517 864 1582 sedulitas
886 1540 968 1595 mea,
991 1530 1028 1583 ut
1052 1541 1157 1602 spero,
1176 1532 1209 1584 et
1234 1520 1314 1583 mihi
1337 1531 1372 1586 et

173 1620 218 1681 rei
241 1620 393 1701 publicae
416 1621 491 1684 tulit
516 1621 665 1684 fructum.
724 1621 879 1705 Namque
898 1623 1046 1686 adsiduis
1066 1625 1273 1688 internuntiis
1296 1645 1371 1688 cum

172 1722 301 1805 Lepido
316 1725 378 1808 egi,
395 1734 432 1787 ut
448 1724 570 1789 omissa
585 1726 675 1787 omni
691 1726 903 1789 contentione
917 1726 1192 1810 reconciliataque
1201 1727 1372 1792 voluntate

171 1838 285 1891 nostra
308 1829 476 1891 communi
500 1829 636 1892 consilio
657 1828 703 1892 rei
724 1828 877 1911 publicae
898 1841 1106 1906 succurreret,
1121 1851 1165 1907 se,
1181 1831 1302 1894 liberos
1319 1851 1401 1900 ur·s

171 1931 313 2013 bemque
324 1931 425 2013 pluris
435 1952 534 2014 quam
546 1953 645 1995 unum
656 1933 821 2015 perditum
830 1932 1229 2016 abiectumquelatronem
1239 1943 1371 2016 putaret

140 2051 157 2094 a
171 2035 396 2118 obsequioque
409 2056 493 2113 mc0,
506 2036 532 2098 si
544 2036 591 2100 ita
605 2035 734 2113 faceret,
745 2038 787 2100 ad
801 2058 917 2101 omnes
930 2058 980 2100 res
991 2037 1189 2101 abuteretur.
1229 2037 1369 2102 Proieci:

171 2138 282 2222 itaque
298 2159 356 2222 per
376 2137 590 2203 Laterensem
610 2141 846 2204 internuntium
868 2140 967 2204 fidem
992 2141 1072 2204 mihi
1093 2141 1186 2204 dedit
1205 2161 1241 2204 se
1260 2142 1371 2205 Anto-

170 2244 269 2319 nium,
282 2244 308 2306 si
320 2243 494 2325 prohibere
503 2244 672 2325 provincia
681 2265 740 2307 sua
750 2266 816 2308 non
828 2245 1003 2327 potuisset,
1013 2244 1102 2308 bello
1111 2255 1370 2327 persecuturum,

172 2368 225 2410 me
236 2356 271 2410 ut
283 2347 427 2410 venirem
444 2349 622 2429 copiasque
638 2349 871 2431 coniungerem
888 2349 1023 2432 rogavit,
1036 2369 1142 2432 eoque
1161 2349 1368 2432 magisquod
1385 2374 1415 2409 10

170 2462 203 2514 et
213 2451 380 2514 Antonius
390 2453 433 2515 ab
442 2453 591 2535 equitatu
603 2452 715 2517 firmus
725 2474 795 2517 esse
810 2454 981 2517 dicebatur
990 2463 1023 2516 et
1032 2453 1180 2535 Lepidus
1189 2473 1231 2515 ne
1244 2455 1368 2517 medio-

169 2575 258 2618 crem
270 2557 404 2638 quidem
419 2557 604 2638 equitatum
616 2555 776 2632 habebat;
792 2578 868 2620 nam
878 2557 978 2620 etiam
990 2577 1033 2619 ex
1043 2557 1210 2639 paucitate
1223 2557 1291 2620 eius
1302 2578 1367 2621 non

169 2659 282 2722 multis
305 2671 383 2723 ante
403 2659 519 2723 diebus
534 2661 658 2737 decem,
675 2661 732 2742 qui
749 2662 867 2742 optinui
883 2660 1019 2737 fuerant,
1035 2661 1076 2724 ad
1093 2681 1146 2723 me
1162 2661 1368 2726 transierunt.

169 2762 299 2845 Quibus
315 2765 411 2827 rebus
427 2785 489 2846 ego
504 2765 646 2846 cognitis
658 2774 830 2828 cunctatus
843 2785 909 2828 non
926 2785 1001 2827 sum
1009 2789 1017 2840 ;
1043 2765 1075 2826 in
1090 2785 1187 2827 cursu
1202 2764 1366 2828 bonorum

135 2890 152 2935 a
167 2867 379 2932 consiliorum
393 2867 558 2948 Lepidum
571 2868 795 2932 adiuvandum
811 2869 937 2951 putavi.
982 2867 1159 2931 Adventus
1175 2888 1267 2932 meus
1287 2869 1367 2951 quid
1382 2893 1411 2943 15

167 2971 371 3054 profecturus
386 2980 483 3049 esset,
499 2971 584 3049 vidi;
606 2972 658 3035 vel
670 2974 760 3055 quod
774 2974 922 3054 equitatu
934 2992 1008 3035 meo
1020 2972 1172 3054 persequi
1183 2972 1214 3033 Α
1219 2974 1366 3064 ntortiueu

167 3085 267 3156 atque
279 3075 464 3156 opprimere
476 3076 661 3157 equitatum
674 3077 743 3139 eius
755 3097 896 3158 possem,
907 3075 961 3140 vel
972 3077 1062 3158 quod
1072 3076 1235 3139 exercitus
1245 3077 1366 3159 Lepidi

167 3199 240 3241 eam
257 3189 394 3262 partem,
406 3200 490 3263 quae
502 3190 655 3262 corrupta
671 3189 720 3243 est
741 3188 775 3243 et
794 3181 837 3244 ab
858 3202 892 3244 re
911 3180 1043 3262 publica
1058 3179 1206 3256 alienata,
1218 3191 1252 3243 et
1268 3181 1367 3245 corri-

166 3304 244 3364 gere
260 3294 293 3346 et
309 3290 460 3347 coercere
476 3284 662 3366 praesentia
678 3284 743 3347 mei
753 3285 919 3348 exercitus
928 3295 1050 3366 posset.
1098 3284 1216 3365 ltaque
1228 3284 1260 3346 in
1275 3285 1365 3348 Isara

167 3386 302 3451 flumine
320 3389 477 3464 maximo,
493 3389 583 3470 quod
602 3388 635 3451 in
658 3388 778 3452 finibus
794 3399 845 3452 est
860 3388 1096 3469 Allobrogum,
1112 3397 1214 3470 ponte
1230 3409 1296 3452 uno
1311 3389 1365 3453 die
1380 3420 1411 3454 ιο

200 3554 221 3588 1.
239 3545 293 3589 Eia
317 3544 421 3589 litteris
448 3544 573 3601 seriptis,
596 3541 674 3590 ‘aster
696 3540 738 3591 the
789 3551 816 3591 to
827 3541 902 3591 recall
914 3541 956 3590 the
970 3541 1091 3589 attention
1108 3547 1135 3590 to
1152 3540 1227 3589 ‘tulit
1244 3539 1364 3591 sructum’

165 3607 363 3671 accompanying
381 3607 450 3655 letter
472 3607 521 3655 had
544 3607 606 3655 been
625 3607 737 3656 written!
788 3607 872 3668 inl.3.
908 3607 963 3655 The
972 3606 1100 3669 following
1109 3606 1189 3654 words
1197 3615 1224 3655 to
1238 3605 1363 3671 ‘rogavit'

164 3672 218 3720 The
231 3679 327 3736 present
343 3688 389 3721 one
400 3688 477 3720 seems
494 3679 521 3721 to
535 3672 598 3721 have
613 3672 673 3722 been
685 3679 738 3722 seut
788 3674 858 3722 show
869 3672 975 3722 wherein
987 3671 1028 3721 the
1041 3687 1137 3722 success
1147 3671 1176 3720 ol
1187 3671 1294 3722 Plancus
1306 3689 1363 3722 cou-

165 3736 199 3800 by
210 3737 252 3786 the
264 3753 331 3786 same
343 3737 427 3786 bearet
439 3738 524 3802 aaEp.
538 3750 593 3801 139.
788 3739 871 3788 sisted.

199 3815 220 3862 3.
238 3806 367 3860 Namque
390 3841 396 3853 .
421 3839 427 3851 .
450 3808 621 3853 abuteretur.
656 3803 738 3853 These
825 3817 861 3853 12.
883 3806 927 3851 Ex
955 3807 1097 3860 paucitate
1125 3806 1196 3861 eiua,
1222 3803 1300 3851 ‘from
1323 3804 1363 3852 his

165 3867 246 3916 words
263 3869 362 3933 explain
380 3869 527 3919 'sedulitas'
788 3869 885 3918 slender
901 3868 967 3918 force
983 3868 1013 3917 ol
1026 3866 1142 3932 cavalry!

197 3937 335 3983 Adsiduia
352 3938 544 3984 internuntiis.
579 3935 619 3983 On
633 3934 684 3984 this
695 3949 738 3984 use
824 3949 860 3995 13·
880 3938 1072 3983 Transiemnt.
1117 3935 1230 3983 Weaeub.
1249 3943 1362 3996 suggests

165 3998 194 4047 ol
202 3999 243 4048 the
254 4000 329 4049 ablat.
338 3999 459 4057 instrum,
468 4015 507 4064 cp.
518 4001 564 4063 Ep.
576 4013 629 4057 101,
640 4014 662 4061 3,
672 4009 737 4050 note.
789 3999 968 4058 ‘transierant'
979 3999 1172 4063 correspondiug
1183 4006 1210 4047 to
1225 3998 1362 4049 ‘habebat'

198 4068 267 4113 Cum
280 4068 389 4122 Lepido
401 4068 454 4122 agi.
489 4065 700 4129 Cp.Ep.139,3.
787 4067 837 4115 aud
850 4064 976 4115 ‘fueraut’

199 4141 220 4193 7.
238 4134 424 4179 Abutaretur:
435 4130 504 4178 abuti
512 4152 532 4169 =
540 4131 622 4195 ‘large
632 4140 656 4180 et
666 4133 738 4195 plene
823 4145 860 4193 ¹4·
878 4135 914 4180 In
925 4145 1010 4180 ouran
1021 4134 1159 4179 bonorum
1171 4133 1361 4188 consiliorum,

164 4196 216 4254 uti,’
235 4200 291 4245 ‘use
308 4205 334 4245 to
351 4195 393 4245 the
408 4193 516 4244 utmost.’
551 4195 655 4245 Forcelh
689 4197 737 4261 Cp.
788 4197 892 4247 ‘inthis
904 4198 1019 4260 patriotie
1030 4212 1115 4245 course
1128 4195 1156 4244 ol
1164 4193 1263 4260 policy.’

162 4262 204 4309 Ad
218 4262 286 4309 Fam.
298 4277 321 4324 9.
333 4259 358 4320 6,
371 4275 393 4324 5.
821 4263 859 4311 18.
877 4266 949 4311 Eam
956 4268 1072 4319 partem.
1093 4261 1233 4325 Especially
1240 4260 1283 4311 the
1291 4261 1361 4311 tenth

197 4324 517 4385 Proteoi,‘1succeeded.’
552 4326 658 4376 Forcell.
668 4327 737 4390 gives
786 4328 877 4393 legion.
912 4328 959 4392 Cp.
973 4327 1018 4392 Ep.
1032 4340 1087 4391 139,
1102 4341 1123 4374 2.

162 4392 284 4441 instances
296 4391 325 4440 ol
339 4408 354 4441 a
369 4392 463 4440 similar
478 4407 546 4440 sense
560 4391 624 4439 from
635 4392 735 4451 Caesar,
821 4407 858 4456 19.
876 4397 964 4452 Isara,
975 4409 1032 4441 now
1042 4392 1085 4441 the
1096 4390 1169 4442 Islrre.

162 4473 183 4506 e.
192 4474 216 4520 g.
234 4457 296 4507 Bell.
312 4458 365 4506 Civ.
386 4472 408 4518 3.
432 4471 461 4518 ²3
480 4457 574 4506 ‘adeo.
596 4456 735 4522 ,prolecit‘
820 4472 858 4508 ao.
878 4462 969 4507 Ponte
982 4494 988 4506 .
1001 4461 1099 4508 Jaoto.
1117 4458 1180 4507 Thia
1188 4474 1245 4521 may
1254 4455 1361 4522 perhaps

162 4524 240 4572 Andr.
251 4524 359 4573 mmarks
375 4524 429 4572 that
446 4523 496 4573 this
512 4522 582 4572 word
596 4522 618 4573 is
631 4523 736 4573 inserted
785 4523 991 4574 havebeennear
1002 4522 1102 4573 Cularo.
1131 4522 1364 4588 Aoomparisouoi
