3030 5542
135 312 184 357 as.
202 289 270 383 26.]
488 295 554 353 ΑΙ)
579 293 876 356 FAMILIARES
895 295 925 355 I.
950 307 979 375 7.
1275 313 1333 377 ¹9¹

136 466 255 543 valent,
273 466 448 551 profecisse
471 476 600 530 tanturn
623 465 703 529 mihi
725 465 877 530 videntur
899 467 1040 531 stultitia
1062 477 1095 531 et
1116 468 1337 532 inconstantia

137 571 405 646 adversariorum,
428 581 465 636 ut
495 571 595 635 etiam
617 570 812 635 auctoritate
834 571 900 634 iam
923 570 997 655 plus
1019 571 1171 635 valerent.
1219 573 1337 654 ltaque

138 675 309 758 perpaucis
340 675 588 738 adversantibus
622 675 741 749 omnia,
764 693 850 756 quae
872 694 914 738 ne
936 696 994 758 per
1016 676 1179 759 populum
1201 676 1336 759 quidem

138 779 207 842 sine
229 779 390 842 seditione
419 799 454 842 se
477 778 613 860 adsequi
635 779 890 855 arbitrabantur,
915 799 973 860 per
994 790 1147 843 senatum
1171 781 1337 845 consecuti

139 891 235 959 sont3
257 902 333 946 nam
357 892 391 945 et
411 881 612 966 stipendium
630 881 763 946 Caesari
779 883 949 947 decretum
971 892 1021 947 est
1044 892 1078 946 et
1093 884 1208 947 decem
1227 884 1337 966 legati,
1353 909 1367 959 5

138 997 171 1049 et
195 1007 237 1050 ne
259 985 332 1070 lege
348 985 545 1069 Sempronia
567 987 795 1051 succederetur
810 985 905 1050 facile
927 986 1106 1069 perfectum
1129 996 1189 1050 cst.
1235 987 1336 1071 Quod

140 1112 180 1154 eo
202 1091 244 1154 ad
267 1100 301 1153 te
324 1089 455 1153 brevius
477 1090 592 1166 scribo,
615 1090 692 1171 quia
724 1110 777 1152 me
811 1100 916 1153 status
939 1088 992 1154 hic
1023 1091 1068 1153 rei
1095 1090 1248 1174 publicae
1270 1112 1338 1156 non

140 1193 305 1259 delectat:
337 1195 444 1258 scribo
476 1204 598 1269 tamen,
625 1204 662 1257 ut
693 1203 728 1257 te
759 1194 967 1268 admoneam,
989 1195 1078 1277 quod
1113 1194 1192 1277 ipse,
1220 1195 1339 1260 litteris

141 1298 294 1362 omnibus
318 1320 338 1361 a
361 1298 500 1382 pueritia
516 1298 654 1375 deditus
670 1297 872 1379 experiendo
891 1306 1002 1360 tamen
1029 1299 1134 1381 magis
1154 1319 1255 1381 quam
1271 1300 1339 1362 dis-

141 1402 247 1465 cendo
269 1402 416 1483 cognovi,
438 1413 474 1466 tu
498 1410 536 1463 ut
556 1402 621 1465 tuis
652 1400 749 1464 rebus
781 1401 915 1483 integris
947 1401 1055 1465 discas
1084 1422 1191 1484 neque
1223 1403 1339 1467 salutis
1355 1433 1386 1470 ιο

142 1516 274 1569 nostrae
304 1506 463 1569 rationem
493 1504 679 1568 habendam
710 1503 806 1568 nobis
835 1524 907 1567 esse
941 1505 1012 1568 sine
1041 1506 1203 1588 dignitate
1233 1527 1340 1588 neque

97 1610 314 1694 ndignitatis
343 1610 413 1672 sine
443 1607 558 1672 salute.
603 1607 703 1690 Quod
735 1607 815 1670 mihi
845 1608 887 1671 de
918 1607 983 1671 filia
1013 1618 1046 1672 et
1072 1609 1114 1672 de
1141 1607 1339 1694 Crassipede

142 1711 326 1797 gratularis,
352 1732 497 1796 agnosco
519 1711 761 1775 humanitatem
783 1723 875 1776 tuam
898 1732 1061 1794 speroque
1084 1721 1117 1775 et
1140 1724 1221 1796 opto
1243 1715 1340 1778 nobis

142 1820 226 1882 hanc
249 1817 511 1882 coniunctionem
533 1815 696 1898 voluptati
715 1817 794 1880 sore.
840 1815 1020 1879 Lentulum
1043 1825 1192 1880 nostrum
1215 1818 1340 1881 eximia

142 1943 201 2006 spe
222 1941 372 1984 summae
393 1920 525 1984 virtutis
549 1919 794 1983 adulescentem
824 1939 901 1983 curn
925 1920 1041 1984 ceteris
1061 1920 1196 1996 artibus,
1219 1922 1341 2004 quibus
1358 1949 1387 2000 ¹5

142 2026 298 2090 studuisti
317 2044 448 2108 semper
468 2025 545 2107 ipse,
560 2032 632 2087 tum
656 2023 688 2085 in
711 2022 825 2106 primis
848 2023 1031 2087 imitatione
1049 2025 1098 2088 tui
1117 2024 1169 2089 lac
1192 2026 1342 2102 erudias;

143 2129 233 2193 nulla
255 2129 341 2193 enim
363 2130 424 2192 erit
446 2128 508 2191 hac
531 2129 748 2209 praestantior
770 2127 963 2210 disciplina:
994 2148 1093 2211 quem
1115 2149 1185 2207 nos,
1208 2139 1242 2193 et
1264 2130 1343 2212 quia

144 2248 220 2299 tuus
244 2244 278 2298 et
296 2233 374 2315 quia
394 2242 427 2296 te
449 2232 570 2313 dignus
597 2240 647 2294 est
670 2229 754 2294 filius
777 2240 809 2294 et
832 2231 909 2312 quia
936 2252 996 2295 nos
1019 2232 1126 2315 diligit
1148 2253 1343 2316 semperque

146 2339 274 2413 dilexit,
291 2338 322 2400 in
342 2337 457 2419 primis
472 2354 623 2399 amamus
638 2354 816 2416 carumque
832 2334 1002 2400 habemus.

146 2536 257 2583 between
293 2532 385 2597 parties
420 2528 554 2595 unequally
589 2526 721 2578 marchen!
769 2530 811 2578 the
823 2530 921 2579 consuls
933 2531 970 2579 lor
981 2544 1011 2593 55
1025 2541 1049 2580 n.
1058 2541 1090 2591 c.,
1103 2546 1135 2580 on
1145 2530 1187 2580 the
1199 2530 1343 2580 conclusion

147 2600 212 2649 Prof.
236 2596 334 2663 Tyrrell
357 2597 454 2645 readers
477 2596 535 2645 ‘the
559 2610 650 2659 energy
671 2594 722 2644 dis·
770 2596 798 2644 ol
814 2593 878 2645 their
895 2612 954 2658 year
972 2597 1001 2645 ol
1019 2595 1090 2646 office
1111 2603 1138 2644 at
1158 2596 1246 2646 Rome.
1281 2596 1344 2646 This

147 2664 239 2729 plnyed
251 2680 281 2713 on
294 2663 355 2713 each
367 2662 420 2712 side
431 2662 452 2710 ls
463 2677 522 2725 very
533 2659 660 2710 ‹litterena’
770 2660 853 2710 would
865 2660 895 2709 ol
908 2676 993 2710 course
1010 2661 1090 2727 imply
1102 2662 1212 2711 Caesar's
1227 2662 1302 2711 recall
1318 2670 1344 2711 nt

180 2734 239 2788 Qui
260 2731 481 2789 plua..valsnt,
504 2728 520 2776 i.
529 2743 550 2776 e.
574 2726 615 2775 the
635 2726 723 2774 trium·
769 2727 811 2776 the
827 2726 874 2775 end
892 2725 921 2775 oi
935 2740 965 2789 55
984 2738 1040 2777 tae.
1075 2726 1117 2776 No
1133 2743 1180 2776 one
1195 2727 1268 2777 could
1286 2743 1344 2791 sup·

146 2799 203 2846 virs.
770 2808 831 2857 pose
842 2792 905 2840 lrom
917 2792 1026 2841 Cicero’s
1036 2792 1159 2857 language
1170 2794 1234 2850 here,
1247 2793 1301 2842 that
1312 2792 1345 2842 he

183 2879 206 2925 4
224 2863 354 2919 adsequi
371 2875 450 2909 seems
468 2865 494 2907 to
512 2857 575 2908 have
595 2856 637 2906 the
657 2857 723 2906 lorce
770 2857 820 2907 had
840 2857 947 2921 actively
963 2860 1099 2922 supported
1116 2859 1230 2908 Caesar's
1248 2859 1344 2908 claims.

148 2929 177 2977 os
187 2929 303 3002 ‘adsequi
313 2924 399 2991 posse'
412 2941 440 2974 or
452 2923 643 2973 ‘adsecuturos'
673 2923 721 2987 Cp.
771 2926 819 2988 Cp.
832 2924 890 2973 lntr.
906 2924 949 2973 ubi
960 2940 1041 2988 snpra.

149 2992 290 3059 ‘expedia'
302 2994 349 3057 Ep.
365 2990 403 3052 16,
416 2989 441 3040 6.
805 2992 889 3045 Quod
902 3026 907 3038 .
922 3027 927 3038 .
940 2993 1055 3038 bravius
1068 3028 1074 3040 .
1088 3026 1094 3040 .
1108 2993 1224 3051 .aa1uts,
1238 2990 1346 3039 ‘Iwrite

182 3074 204 3121 5.
224 3062 415 3118 Stipendium,
432 3060 539 3119 ‘money
549 3054 588 3104 ior
605 3055 646 3104 the
664 3070 723 3120 puy·
771 3071 803 3104 on
821 3056 870 3105 this
886 3055 955 3119 topic
970 3055 1063 3120 bnefly,
1078 3056 1183 3106 because
1200 3057 1229 3105 ol
1242 3071 1284 3120 my
1295 3056 1344 3105 dis·

148 3133 215 3174 ment
226 3126 254 3174 ol
262 3125 302 3173 his
312 3121 415 3188 troops!
772 3127 887 3179 content;
910 3122 955 3170 but
973 3121 985 3169 1
1002 3122 1036 3169 do
1053 3123 1130 3181 write,
1148 3122 1201 3172 that
1220 3137 1269 3186 you
1289 3137 1346 3186 may

181 3194 285 3241 Decem
302 3192 397 3248 lanati,
416 3188 459 3238 the
476 3203 561 3252 power
578 3186 607 3234 ol
622 3185 724 3250 naming
772 3187 839 3236 leam
851 3186 915 3236 irum
926 3203 968 3249 my
979 3188 1090 3252 waming
1105 3196 1131 3236 to
1145 3189 1239 3252 neglect
1252 3188 1347 3237 neither

147 3268 189 3306 ten
207 3256 310 3320 legates,
325 3272 357 3304 au
374 3253 506 3317 unusually
523 3254 591 3317 large
611 3252 724 3301 number.
771 3253 869 3316 dignity
885 3268 931 3302 nor
948 3252 1040 3316 salety:
1065 3270 1081 3302 a
1098 3254 1179 3303 lesson
1198 3254 1218 3314 1,
1230 3254 1292 3302 with
1310 3252 1345 3302 all

148 3322 259 3386 Perhaps
286 3320 336 3371 this
363 3336 414 3369 was
441 3318 576 3369 connected
604 3319 664 3366 with
692 3332 725 3366 an
773 3335 814 3382 my
826 3317 935 3383 reading,
948 3318 1010 3367 have
1025 3318 1125 3369 learned
1139 3335 1208 3369 more
1224 3319 1287 3368 from
1304 3334 1347 3368 ex·

148 3391 258 3438 increase
286 3388 315 3435 ol
339 3383 453 3436 Caesar’s
477 3400 546 3448 army
574 3391 601 3433 to
625 3392 666 3433 ten
689 3383 724 3432 le·
772 3384 955 3449 periencethan
968 3386 1030 3433 lrom
1043 3383 1137 3434 books?

148 3456 229 3519 gions.
263 3454 350 3503 Cicero
373 3452 508 3516 supported
528 3450 596 3499 these
612 3459 681 3499 votes
700 3450 725 3498 in
808 3464 844 3498 ιο.
864 3453 1028 3499 'l'uiarebua
1040 3454 1166 3512 integris,
1181 3450 1278 3500 ‘belore
1297 3465 1347 3513 you

148 3522 236 3569 favour
253 3519 281 3567 ol
294 3520 394 3569 Caesar.
429 3518 477 3582 Cp.
491 3517 551 3566 Intr.
569 3524 596 3564 to
613 3516 672 3565 Part
689 3515 724 3575 11,
773 3516 835 3565 have
847 3515 950 3565 suffered
962 3532 1010 3579 any
1021 3515 1140 3567 disaster!

149 3590 163 3645 ς
177 3584 201 3635 6.
808 3595 845 3630 12.
859 3585 1086 3638 Dacrassipade:
1098 3600 1137 3648 cp.
1146 3584 1235 3648 Ep.25,
1245 3596 1267 3644 3,
1276 3588 1347 3641 note;

183 3650 207 3701 6.
224 3653 301 3708 Irene
329 3652 502 3708 sempronia.
544 3647 573 3696 C.
597 3646 726 3697 Gracchus
773 3646 821 3696 and
839 3647 883 3697 the
899 3656 957 3697 note
975 3663 1007 3695 on
1024 3647 1067 3697 the
1083 3648 1140 3699 date
1157 3650 1185 3699 ol
1199 3649 1249 3697 this
1266 3648 1347 3708 letter,

150 3717 201 3767 had
213 3725 256 3780 got
266 3733 281 3764 n
291 3716 340 3764 law
352 3717 464 3776 enacted,
473 3713 607 3780 providing
618 3712 670 3761 that
682 3712 725 3762 the
773 3730 797 3778 p.
812 3713 866 3776 184.

150 3792 235 3833 senate
255 3780 346 3831 should
366 3781 391 3831 in
411 3783 471 3832 each
493 3796 550 3845 year
567 3780 650 3844 assign
668 3794 725 3843 pro·
808 3792 845 3840 14.
864 3781 1027 3837 Lentulum,
1047 3795 1092 3831 son
1110 3780 1139 3829 ol
1159 3778 1270 3829 Cicero's
1294 3794 1349 3843 pre·

149 3850 233 3898 vinces
256 3854 283 3896 to
306 3848 348 3897 tha
375 3847 473 3898 consuis
495 3847 553 3895 who
580 3844 670 3893 should
693 3845 725 3892 be
772 3852 825 3892 sent
854 3846 1052 3908 correspondent.
1098 3846 1146 3912 Cp.
1175 3846 1223 3911 Ep.
1254 3858 1294 3907 23,
1325 3857 1348 3904 1,

149 3915 246 3965 elected
266 3913 304 3962 lor
324 3913 366 3963 the
385 3920 444 3964 next
467 3928 530 3976 year,
553 3910 638 3960 belone
660 3909 725 3958 their
772 3916 837 3959 note.

150 3981 264 4031 election.
299 3980 347 4045 Cp.
358 3980 405 4029 Pro
415 3980 495 4028 Bnlbo
507 3975 592 4041 aym.
628 3975 724 4032 Hence,
808 3989 846 4037 15.
864 3978 994 4039 Artibus,
1008 3973 1273 4042 ‘accomplishments'
1299 3974 1347 4038 Cp.

150 4050 176 4096 in
197 4047 246 4096 this
264 4060 329 4106 case,
348 4046 368 4094 it
387 4045 469 4109 might
488 4042 591 4108 provide
609 4042 662 4091 that
683 4040 725 4090 the
773 4042 813 4090 Ad
831 4043 901 4090 Fam.
920 4056 943 4093 1.
958 4043 982 4105 8,
997 4057 1012 4106 3
1025 4047 1124 4094 ‘nostru
1138 4080 1144 4091 .
1156 4081 1162 4093 .
1174 4042 1256 4092 studia
1269 4076 1274 4090 .
1288 4076 1294 4088 .
1306 4039 1348 4088 lit·

149 4123 201 4161 two
214 4111 321 4163 Goulish
332 4113 462 4175 provinces
469 4108 560 4160 should
573 4108 603 4157 be
613 4110 687 4173 given
698 4115 725 4157 to
773 4107 896 4158 terarum!
