3030 5542
142 396 188 442 ep.
204 373 273 466 92]
483 381 550 441 ΑΙ)
570 379 870 442 FAMILIARES
898 381 947 444 VI.
973 395 1000 462 7.
1276 394 1342 462 455

140 570 306 614 summum
323 561 423 632 atque
436 551 601 617 excellens
618 551 785 635 ingenium
807 551 956 630 armavit,
972 573 1032 617 nos
1055 552 1226 618 sentimus.
1272 551 1340 617 Sed

141 664 252 720 tamen
274 676 337 738 ego
358 655 426 719 filio
449 656 608 732 dixeram,
625 656 746 720 librum
769 656 830 720 tibi
852 656 976 740 legeret
998 668 1032 721 et
1054 658 1206 736 auferret,
1221 667 1280 723 aut
1300 679 1340 723 ea

141 760 334 823 condicione
352 760 453 832 daret,
469 759 497 823 si
521 760 680 841 reciperes
708 768 742 823 te
766 771 999 838 correcturum,
1015 760 1079 826 hoc
1105 772 1164 839 est,
1180 763 1207 825 si
1231 772 1339 826 totum

111 862 241 928 salium
257 863 389 927 laceres.
428 862 482 927 De
498 863 648 927 Asiatico
665 864 789 940 itinere,
802 883 1003 947 quamquam
1020 885 1150 929 summa
1167 887 1216 929 me
1231 886 1341 930 neces·

141 968 220 1030 sitas
236 967 417 1050 premebat,
433 977 470 1030 ut
486 966 661 1049 imperasti,
676 966 747 1030 ieci.
792 968 843 1032 Te
858 988 918 1049 pro
935 988 988 1032 me
1000 969 1080 1050 quid
1091 968 1227 1033 horter?
1248 971 1341 1033 vides
1356 994 1370 1043 5

140 1079 273 1152 tempus
287 1071 423 1145 venisse,
434 1092 500 1154 quo
516 1092 648 1135 necesse
663 1072 707 1136 sit
722 1071 764 1134 de
780 1070 875 1134 nobis
892 1072 1058 1138 constitui.
1105 1072 1197 1135 Nihil
1220 1082 1279 1149 est,
1297 1074 1341 1135 mi

142 1173 480 1256 Cicer0‚quodfilium
495 1195 604 1238 meum
616 1185 804 1258 exspectes:
828 1174 1020 1239 adulescens
1031 1186 1082 1242 est
1093 1196 1101 1254 ;
1120 1177 1231 1239 omnia
1242 1196 1340 1240 exco-

140 1279 244 1361 gitare
259 1277 310 1342 vel
327 1278 437 1342 studio
452 1277 503 1341 vel
522 1287 633 1342 aetate
655 1278 707 1342 vel
731 1288 820 1342 metu
844 1298 910 1342 non
934 1288 1053 1362 potest.
1099 1279 1223 1343 Totum
1239 1300 1342 1362 nego·

140 1384 222 1446 tium
240 1392 275 1445 tu
291 1383 453 1446 sustineas
467 1391 599 1464 oportet
615 1404 622 1461 ;
646 1382 679 1445 in
694 1393 727 1447 te
744 1382 822 1446 mihi
839 1383 946 1446 omnis
961 1404 1037 1466 spes
1052 1393 1111 1447 est.
1145 1384 1198 1446 Tu
1211 1405 1272 1467 pro
1283 1393 1342 1447 tua

141 1486 325 1570 prudentia,
337 1487 457 1568 quibus
469 1487 566 1551 rebus
577 1488 731 1569 gaudeat,
740 1488 862 1569 quibus
875 1489 1026 1570 capiatur
1041 1487 1171 1563 Caesar,
1187 1497 1298 1565 tenes;
1322 1510 1342 1552 a
1359 1509 1389 1545 ιο

141 1603 175 1655 te
198 1591 308 1654 omnia
330 1590 579 1673 proficiscantur
592 1599 627 1656 et
642 1611 701 1674 per
716 1601 750 1655 te
765 1592 808 1654 ad
824 1591 953 1655 exitum
975 1592 1197 1676 perducantur
1212 1613 1343 1658 necesse

111 1716 129 1761 o
142 1705 209 1773 est;
224 1697 312 1778 apud
326 1696 433 1777 ipsum
445 1694 596 1771 multum,
608 1696 696 1778 apud
709 1697 778 1759 eius
786 1716 900 1759 omnes
913 1695 1091 1779 plurimum
1104 1709 1209 1779 potes.
1227 1698 1341 1762 Unum

142 1800 202 1862 tibi
218 1801 244 1862 si
260 1799 467 1882 persuaseris,
481 1819 547 1861 non
561 1798 624 1864 hoc
640 1819 712 1863 esse
727 1800 775 1863 tui
791 1802 944 1872 muneris,
955 1802 981 1864 si
998 1801 1079 1883 quid
1091 1811 1224 1883 rogatus
1235 1801 1342 1876 fueris,

141 1912 179 1966 ut
194 1904 541 1985 iacias-quamquam
566 1903 599 1966 id
624 1923 780 1987 magnum
805 1913 839 1968 et
861 1903 1010 1988 amplum
1034 1915 1139 1982 est-,
1155 1906 1215 1969 sed
1232 1915 1341 1969 totum

141 2015 236 2070 tuum
253 2027 323 2069 esse
339 2027 431 2084 onus,
447 2006 616 2089 perficies:
639 2008 700 2071 nisi
719 2007 805 2071 sorte
826 2017 884 2071 aut
908 2008 941 2070 in
966 2009 1098 2072 miseria
1121 2009 1217 2072 nimis
1240 2008 1342 2073 stulte
1359 2034 1386 2084 ις,

141 2120 199 2174 aut
215 2112 248 2172 in
264 2110 410 2175 amicitia
425 2110 523 2174 nimis
538 2110 748 2193 impudenter
759 2111 819 2174 tibi
836 2132 919 2175 onus
936 2111 1082 2195 impono.
1129 2113 1196 2178 Sed
1212 2113 1343 2194 utrique

143 2215 188 2277 rei
204 2214 453 2278 excusationem
469 2224 546 2278 tuae
561 2215 648 2279 vitae
663 2217 868 2279 consuetudo
888 2215 965 2279 dat:
989 2237 1065 2279 nam
1082 2217 1171 2298 quod
1196 2218 1242 2280 ita
1265 2236 1342 2281 con-

175 2372 364 2424 Expertuses.
398 2366 537 2432 Wemight
553 2375 642 2434 expect
661 2366 715 2417 ‘'tu
800 2370 884 2418 Nihil
894 2373 951 2417 est.
960 2371 1068 2426 ..quod
1078 2376 1246 2429 exspectes,
1259 2369 1342 2418 ‘there

142 2432 335 2484 tobeinserted.
371 2433 419 2497 Cp.
432 2433 517 2484 Madv.
529 2435 586 2496 482.
767 2432 787 2483 is
805 2449 838 2482 no
856 2449 943 2482 reason
962 2433 1020 2497 why
1039 2450 1088 2498 you
1114 2435 1203 2482 should
1226 2435 1285 2484 wnit
1305 2435 1343 2484 ior

173 2502 220 2548 Ad
232 2513 333 2548 omma
367 2499 408 2548 On
426 2499 468 2548 the
485 2499 550 2549 force
566 2499 595 2549 oi
608 2501 651 2550 the
661 2515 716 2565 pre·
766 2516 808 2562 my
824 2515 879 2558 son,
881 2497 933 2548 'to
950 2506 1050 2549 concert
1067 2516 1189 2549 mensures
1203 2501 1264 2549 with
1279 2499 1340 2549 him

141 2566 258 2630 position,
270 2581 308 2630 cp.
320 2565 367 2628 Ep
380 2565 419 2627 87,
434 2580 455 2624 2,
467 2572 533 2614 note.
768 2565 808 2614 On
833 2536 909 2613 ‘nihil
929 2573 965 2614 est
983 2563 1067 2630 quod,’
1084 2581 1123 2629 cp.
1144 2565 1229 2614 Madv
1251 2576 1296 2628 372
1318 2566 1343 2621 b,

177 2645 198 2679 1.
212 2635 268 2679 Sed
283 2636 415 2689 tamem:
422 2601 479 2679 ‘b’ut
495 2629 718 2715 notwithstanding
768 2630 829 2679 Obs.
844 2630 868 2680 6.

142 2697 183 2747 the
194 2712 321 2759 necessary
336 2695 522 2760 tmperlecllons
534 2697 562 2745 oi
576 2712 618 2778 my
631 2695 716 2746 book!
802 2706 823 2759 7.
842 2699 963 2746 Omnia.
972 2699 1098 2746 studio.
1108 2702 1230 2746 ..aetate
1241 2702 1342 2750 ..metu

175 2777 197 2811 2.
215 2766 376 2820 Β12222ιιιβ
388 2760 463 2810 Ιιοιιι
473 2777 515 2825 my
524 2759 585 2810 son
620 2763 716 2826 Episto·
767 2761 881 2811 ‘zealons
898 2762 998 2822 hostes
992 2763 1167 2826 inexperience,
1184 2778 1212 2810 or
1227 2761 1278 2811 iear
1289 2761 1342 2809 will

141 2828 194 2892 lary
206 2837 279 2879 tense
314 2829 361 2891 Cp.
375 2829 422 2892 Ep.
439 2841 461 2884 1,
476 2840 497 2884 1,
510 2835 574 2876 note.
766 2836 866 2890 prevent
886 2825 925 2875 his
943 2800 1059 2891 thinking
1077 2836 1119 2876 out
1141 2843 1214 2890 every
1234 2826 1343 2891 possible

173 2898 334 2952 Auferret‘
343 2901 369 2942 to
381 2893 457 2941 take
451 2901 469 2942 ιι
480 2909 551 2957 away
562 2909 645 2957 agam
647 2890 716 2942 On
767 2892 842 2956 plan?
876 2892 931 2940 The
942 2893 1063 2942 ablatrves
1074 2908 1115 2942 are
1127 2892 1218 2942 cansal.

140 2960 182 3009 the
193 2975 312 3008 omission
325 2958 369 3007 ol
377 2956 421 3019 ut,'
432 2975 472 3024 cp.
485 2960 531 3024 Ep.
544 2972 584 3019 31,
597 2957 698 3017 6,.note
800 2961 909 3014 Omnia,
922 2958 969 3006 all
981 2964 1099 3022 attempts
1110 2966 1138 3006 to
1150 2974 1217 3008 serve
1229 2955 1286 3008 me

174 3030 216 3074 Ea
228 3028 413 3076 condicione
431 3027 620 3083 ,‚‘reotparer
627 3038 684 3088 give
695 3025 715 3072 ιι
802 3036 839 3072 ι2.
859 3026 967 3080 Apud
959 3039 1053 3080 ipsum
1066 3027 1210 3072 multum.
1229 3028 1340 3080 ..potor

141 3107 189 3153 you
208 3093 267 3153 only
287 3107 319 3139 on
343 3062 469 3138 condition
495 3090 525 3138 oi
544 3106 605 3153 your
629 3089 715 3138 under·
767 3089 874 3138 Caecina
894 3090 984 3139 echoes
1003 3088 1112 3138 Ciceros
1132 3106 1188 3138 own
1204 3090 1323 3138 remark'
1317 3106 1341 3138 ι2

140 3155 244 3220 taking,'
255 3164 302 3205 ete
326 3156 365 3204 On
377 3154 426 3204 this
437 3155 546 3219 limitrng
558 3155 624 3204 force
637 3155 666 3204 21
674 3157 716 3204 the
767 3155 811 3219 Ep
823 3169 864 3219 91
876 3168 913 3231 13.
931 3155 986 3204 Τιι2
995 3154 1049 3204 MS
1060 3155 1119 3203 has·
1128 3154 1178 3213 ad,'
1187 3163 1230 3203 not
1243 3152 1343 3219 ‘apud'

141 3238 264 3285 pronoun,
275 3237 314 3286 cp.
333 3221 381 3269 Pro
399 3221 475 3270 Arch.
496 3234 534 3279 10,
552 3223 607 3283 25‘
616 3237 646 3269 ea
657 3236 715 3270 con
767 3220 875 3270 beiore‘
882 3221 942 3280 eins,
944 3219 1048 3269 ’which
1064 3236 1122 3284 may
1136 3221 1243 3285 perhaps
1257 3221 1342 3270 bede·

140 3285 585 3351 dicionenequidposteascriberetr
595 3286 714 3371 Nigelsb.
767 3285 856 3335 lended
867 3285 901 3349 by
914 3287 959 3362 Ep.
974 3297 1054 3362 74,;ι
1071 3286 1119 3335 Pro
1131 3287 1186 3350 Lrg
1202 3301 1240 3346 10,
1254 3300 1285 3347 30
1296 3287 1343 3336 ‘ad

141 3356 180 3414 84,
211 3365 265 3412 232.
308 3353 363 3400 ‘Ea
396 3352 542 3402 condicione
576 3350 654 3400 nt’=
667 3352 716 3400 ‘ita
769 3359 895 3415 parentem
912 3353 948 3400 sic
964 3353 1005 3416 agi
1022 3351 1118 3408 solet;’
1136 3353 1239 3416 Livy7.
1259 3363 1272 3415 7
1295 3353 1342 3402 ‘ad

141 3417 184 3477 ut,'
207 3434 240 3466 on
261 3416 352 3477 which,
376 3431 414 3480 cp.
439 3418 485 3483 Ep.
509 3432 533 3481 9,
556 3415 581 3475 6,
603 3424 669 3478 note,
692 3433 717 3482 p
768 3418 852 3465 hostes
864 3417 955 3466 bellurn
966 3417 1114 3482 apparatur

141 3495 179 3546 70.
804 3495 842 3542 13.
863 3486 929 3532 Non
939 3487 993 3533 hoe
1007 3499 1092 3532 2222.
1110 3499 1215 3543 .,οιι22
1232 3482 1303 3532 that
1315 3490 1342 3532 to

174 3563 198 3611 3.
216 3551 376 3608 Reciperes,
395 3547 564 3598 ‘undertnke
602 3548 651 3615 Cp.
670 3549 717 3613 Ep.
769 3548 899 3612 discharge
909 3565 972 3612 yonr
982 3549 1043 3612 duty
1054 3565 1102 3611 yon
1115 3556 1179 3598 must
1190 3558 1233 3598 not
1242 3548 1342 3611 onlydo

141 3629 181 3679 32,
194 3616 217 3675 6,
230 3624 295 3664 note.
768 3615 835 3663 what
853 3630 902 3676 you
921 3629 962 3662 are
979 3615 1063 3675 asked,
1082 3615 1126 3664 but
1146 3613 1281 3663 undertake
1300 3614 1343 3663 the

175 3685 206 3729 Sl
228 3687 320 3730 totum
342 3683 430 3729 alium
452 3683 565 3730 faceres.
609 3680 649 3730 On
673 3680 714 3729 the
764 3680 856 3728 burden
877 3679 907 3728 oi
921 3680 964 3728 the
983 3679 1065 3729 whole
1083 3679 1169 3728 affair!
1202 3680 1243 3729 On
1262 3678 1341 3738 ‘'hoc,

139 3745 231 3794 double
254 3762 342 3804 22222,
367 3760 405 3810 cp.
437 3746 523 3795 Madv.
551 3755 597 3808 227
620 3761 653 3806 2;
682 3762 714 3794 on
765 3760 805 3809 cp.
817 3752 875 3793 note
886 3753 937 3792 on
945 3759 976 3792 ea
987 3744 1145 3794 condicione
1158 3745 1246 3805 in§4.

139 3811 250 3868 ‘totum'
262 3818 347 3861 anote
358 3812 437 3861 above
450 3828 482 3860 on
494 3811 543 3860 this
554 3811 666 3869 sectron
683 3826 714 3860 on
803 3823 840 3870 15.
859 3813 1030 3868 Perfloieefl
1038 3827 1087 3874 yon
1107 3810 1160 3860 will
1182 3810 1254 3860 effect
1275 3808 1342 3858 what

141 3876 248 3926 ‘alium'
272 3878 297 3925 in
320 3876 369 3926 this
391 3893 469 3938 sense,
491 3892 530 3941 cp.
558 3878 605 3941 Ep.
628 3889 670 3941 47,
693 3896 717 3937 4
767 3876 811 3924 has
828 3883 856 3925 to
873 3877 904 3924 be
920 3873 1000 3924 done

139 3951 203 3992 note.
800 3944 860 3989 Aut
876 3944 907 3989 in
924 3944 1065 3991 miseria.
1084 3944 1231 3998 wlmpono
1246 3939 1342 3989 ‘unless

172 4025 196 4085 4.
214 4012 256 4057 De
268 4010 395 4058 Aeratloo
407 4011 518 4057 itinere
544 4007 653 4057 Caecina
664 4022 715 4056 was
765 4006 856 4070 misery
867 4007 952 4056 makes
960 4022 1000 4056 me
1012 4007 1078 4070 hope
1089 4006 1127 4054 ior
1135 4005 1339 4068 impossrbrlrtres

139 4076 241 4122 anxious
253 4081 279 4123 to
291 4090 324 4137 go
337 4082 364 4121 to
380 4075 441 4122 Asia
456 4081 483 4122 to
497 4081 539 4137 get
556 4074 581 4121 in
592 4089 660 4122 some
671 4073 714 4121 old
766 4087 794 4120 or
812 4072 945 4136 friendship
963 4088 1076 4159 presume
1093 4087 1126 4120 on
1145 4086 1207 4135 your
1224 4070 1341 4119 kindness

139 4140 210 4189 debts
221 4139 298 4199 there,
310 4140 353 4186 but
363 4139 451 4188 Cicero
463 4137 651 4189 recommended
662 4138 714 4186 him
765 4146 809 4187 too
825 4136 1001 4200 shnmelessly!

139 4213 166 4254 to
183 4213 237 4282 stay
255 4206 279 4253 in
296 4204 379 4267 Sicily,
399 4204 480 4255 where
499 4204 609 4254 Caesar's
624 4204 716 4253 friends
801 4213 837 4266 17.
856 4206 931 4253 Nam
953 4207 1030 4262 quod
1052 4206 1122 4252 ιι2.
1147 4203 1339 4259 ,1222162222

140 4272 188 4319 had
200 4273 281 4383 given
289 4286 430 4320 assurances
445 4271 499 4320 that
515 4271 622 4320 Caecina
633 4269 715 4332 might
765 4268 819 4319 ‘ior
832 4285 881 4333 you
897 4269 960 4318 have
977 4270 1038 4318 been
1054 4237 1212 4317 accustomed
1229 4275 1256 4316 to
1270 4267 1339 4314 work

139 4337 327 4399 stayinsalety.
362 4336 409 4400 Cp.
423 4337 544 4384 Adlam.
556 4334 580 4385 6.
593 4338 616 4395 8,
630 4349 651 4384 2.
765 4350 793 4384 so
813 4335 874 4383 hard
890 4335 929 4384 sor
945 4349 1007 4397 your
1024 4334 1124 4393 friends,
1144 4334 1197 4382 that
1218 4331 1276 4394 they
1295 4339 1340 4380 not

173 4417 195 4465 5.
214 4403 382 4450 Premebat'
376 4417 406 4460 rs,
419 4403 432 4451 1
446 4402 526 4461 think
538 4372 679 4465 epistdlary.
764 4400 823 4464 only
834 4401 900 4487 hope
912 4400 959 4460 ior,
972 4400 1017 4449 but
1033 4370 1150 4459 demadd,
1161 4399 1221 4448 such
1236 4399 1340 4447 services

171 4469 195 4516 6
214 4471 427 4523 (2222222222.
446 4471 612 4521 .eonstttul.
626 4467 713 4516 ‘when
764 4465 865 4530 21722

138 4550 180 4598 my
189 4534 239 4583 iate
250 4543 316 4582 must
328 4534 402 4584 needs
413 4535 444 4583 be
455 4532 558 4584 settled'
573 4535 604 4597 by
613 4533 712 4584 Caesar.
