3052 5026
147 376 304 467 au.133.]
473 382 539 443 ΑΙ)
562 379 860 443 FAMILIARES
880 380 923 443 Χ.
951 398 999 444 10.
1280 379 1344 465 583

147 552 346 635 provinciam
363 551 510 617 omnium
527 551 709 616 civitatium
725 571 886 616 consensu
905 550 1147 635 paratissimam
1164 560 1197 616 et
1212 571 1343 615 summa

147 658 357 721 contentione
379 658 423 720 ad
441 656 548 720 officia
566 666 755 734 certantem,
770 657 937 737 equitatus
951 657 1218 738 auxiliorumque
1232 664 1342 720 tantas

147 761 266 843 copias,
282 771 424 842 quantas
439 760 501 823 hae
516 769 633 843 gentes
647 760 690 822 ad
707 760 948 824 defendendam
971 780 1064 823 suam
1087 759 1229 823 salutem
1245 758 1342 822 liber·

146 874 316 945 tatemque
332 863 492 929 conficere
507 870 645 947 possunt
659 886 668 939 ;
690 863 761 946 ipse
776 863 822 926 ita
837 883 911 926 sum
934 864 1046 926 animo
1069 873 1214 947 paratus,
1230 872 1269 925 ut
1291 862 1343 925 vel

146 968 346 1050 provinciam
363 968 444 1031 tueri
459 967 511 1029 vel
526 967 581 1044 ire,
596 987 664 1048 quo
679 987 729 1030 res
745 967 877 1049 publica
891 978 998 1042 vocet,
1020 967 1071 1030 vel
1095 968 1224 1029 tradere
1244 986 1341 1030 exer·
1355 991 1370 1040 5

146 1072 247 1134 citum
270 1071 395 1136 auxilia
418 1071 696 1154 provinciamque,
715 1069 767 1133 vel
788 1091 923 1134 omnem
946 1071 1108 1153 impetum
1130 1069 1208 1134 belli
1232 1071 1264 1132 in
1289 1089 1342 1133 me

146 1186 336 1239 convertere
352 1195 417 1237 non
433 1194 588 1248 recusem,
604 1173 632 1236 si
649 1175 751 1238 modo
763 1195 837 1238 meo
854 1194 930 1238 casu
942 1183 1000 1238 aut
1010 1173 1203 1238 confirmare
1215 1174 1342 1256 patriae
1438 1184 1443 1189 '

115 1276 283 1341 vsalutem
306 1288 364 1341 aut
387 1276 565 1359 periculum
589 1278 713 1359 possim
737 1277 867 1341 morari.
912 1277 1007 1341 Haec
1028 1278 1056 1341 si
1079 1278 1144 1339 iam
1175 1276 1342 1359 expeditis

144 1383 297 1444 omnibus
319 1382 416 1444 rebus
439 1379 683 1463 tranquilloque
704 1389 794 1444 statu
818 1369 959 1445 civitatis
982 1380 1148 1463 polliceor,
1164 1380 1197 1442 in
1220 1380 1342 1445 damno

145 1505 239 1548 meae
256 1485 361 1548 laudis
378 1483 593 1566 reipublicae
616 1484 794 1548 commodo
818 1484 988 1561 laetabor;
1011 1485 1061 1547 sin
1083 1484 1126 1546 ad
1149 1483 1341 1548 societatem
1358 1512 1388 1546 10

144 1588 428 1671 integerrimorum
441 1596 475 1650 et
487 1587 708 1650 maximorum
719 1585 937 1668 periculorum
949 1586 1254 1662 accedam,consilia
1266 1606 1341 1650 mea

143 1692 258 1774 aequis
280 1691 442 1754 iudicibus
472 1689 514 1753 ab
544 1689 786 1754 obtrectatione
812 1691 997 1754 invidorum
1020 1689 1225 1753 defendenda
1249 1709 1340 1754 corn·

142 1797 274 1859 mendo.
297 1794 382 1856 Mihi
397 1794 531 1875 quidem
547 1793 609 1876 ipsi
625 1793 750 1858 fructus
766 1795 957 1857 meritorum
974 1813 1122 1857 meorum
1139 1793 1172 1855 in
1188 1793 1233 1856 rei
1250 1795 1335 1875 pub-

142 1898 225 1962 licae
240 1897 466 1962 incolumitate
482 1897 561 1960 satis
577 1917 716 1978 magnus
731 1907 781 1961 est
797 1909 932 1980 paratus
945 1921 953 1974 ;
977 1917 1036 1961 eos
1051 1917 1139 1971 vero,
1156 1896 1213 1978 qui
1230 1916 1338 1959 meam

142 2004 373 2067 auctoritatem
395 2012 429 2067 et
452 2000 558 2066 multo
581 2002 688 2084 magis
709 2011 852 2065 vestram
875 2000 976 2065 fidem
999 2001 1102 2064 secuti
1124 2020 1184 2064 nec
1199 1999 1266 2063 ulla
1281 2020 1340 2082 spe
1357 2030 1385 2079 15

143 2107 247 2188 decipi
272 2126 331 2170 nec
354 2105 422 2170 ullo
444 2115 535 2169 metu
558 2107 671 2169 terreri
695 2114 881 2189 potuerunt,
908 2114 945 2168 ut
974 2105 1223 2170 commendatos
1244 2103 1339 2169 vobis

143 2209 300 2289 habeatis,
316 2211 495 2292 petendum
511 2209 652 2274 videtur.

430 2431 502 2497 133.
532 2426 580 2496 To
592 2427 746 2497 Plancus
757 2428 827 2517 (Ad
841 2432 870 2495 F
871 2450 935 2495 am.
948 2452 982 2493 x.
997 2429 1059 2517 10).

451 2585 543 2645 Rosia,
562 2584 669 2634 Manen
688 2597 727 2647 30,
745 2597 777 2647 43
795 2595 850 2634 ac.
869 2582 925 2648 (711
945 2584 1033 2646 auc.)

175 2734 197 2768 1.
216 2719 285 2768 Your
301 2718 374 2767 letter
390 2716 437 2767 has
453 2718 579 2783 produced
596 2734 611 2768 a
628 2733 686 2783 very
702 2717 847 2766 favourahle
863 2717 1080 2782 impressionum
1097 2717 1139 2766 the
1156 2724 1238 2766 senate
1254 2719 1339 2768 would

140 2797 203 2846 have
219 2796 305 2845 shown
322 2797 354 2844 its
369 2796 490 2859 gmtitude
506 2802 533 2845 to
549 2811 598 2858 you
615 2795 660 2845 but
677 2795 715 2844 lor
731 2795 773 2846 the
789 2797 894 2845 absence
911 2795 940 2843 oi
953 2796 995 2845 the
1011 2794 1117 2845 consuls.
1158 2795 1182 2843 Α
1200 2795 1277 2844 battle
1294 2795 1340 2846 has

140 2875 247 2938 perhaps
257 2872 357 2937 already
365 2872 469 2922 decided
480 2872 522 2923 the
534 2871 617 2923 state's
628 2873 745 2923 lortunea.
781 2886 802 2920 a.
820 2872 847 2921 ll
854 2888 899 2921 our
910 2888 982 2922 cause
994 2887 1109 2936 prospers
1119 2887 1168 2936 you
1179 2873 1233 2921 will
1245 2875 1339 2924 receive

140 2949 266 2997 abundant
276 2947 395 3007 honours,
406 2946 455 2995 aad
467 2947 481 2995 I
492 2947 558 3010 hope
569 2963 617 3012 you
629 2947 682 2996 will
694 2955 761 2997 exert
773 2946 882 3010 yoursell
890 2955 917 2997 to
927 2947 969 2997 the
981 2955 1073 2996 utmost
1085 2948 1110 2995 in
1123 2955 1227 3010 support
1238 2948 1268 2996 oi
1276 2964 1339 3011 your

139 3026 276 3089 colleague.
310 3025 398 3075 Public
408 3024 458 3073 aud
468 3024 562 3089 private
573 3025 682 3090 grounds
691 3024 758 3075 alilre
768 3024 821 3074 will
832 3040 915 3075 secure
925 3041 974 3090 you
986 3041 1029 3090 my
1039 3040 1116 3074 warm
1127 3026 1304 3089 cooperation.

584 3178 715 3229 CICERO
736 3179 886 3230 PLANCO.

111 3331 125 3374 1
184 3307 259 3370 Etsi
275 3306 356 3371 satis
368 3326 412 3368 ex
429 3303 549 3368 Furnio
566 3315 680 3369 nostro
692 3325 880 3387 cognoram,
892 3325 978 3387 quae
993 3313 1051 3369 tua
1066 3304 1230 3383 voluntas,
1245 3307 1335 3388 quod

139 3409 310 3476 consilium
326 3410 368 3472 de
384 3429 419 3472 re
433 3408 568 3491 publica
582 3420 679 3483 esset,
688 3417 800 3473 tamen
810 3409 875 3473 tuis
887 3408 1004 3472 litteris
1015 3408 1108 3473 lectis
1124 3408 1278 3492 liquidius
1294 3412 1336 3474 de

173 3619 195 3654 1.
212 3609 387 3665 civitatium,
406 3622 421 3654 a
443 3605 492 3654 less
511 3620 628 3654 common
646 3605 710 3654 form
796 3605 1336 3665 11.1ntogarrimorum,‘notdiminished

138 3671 224 3721 nithe
240 3674 347 3735 genitive
364 3669 597 3720 than‘civitatum’
631 3671 710 3734 Itap·
760 3669 963 3735 lnanydegree'

138 3752 209 3801 pears
221 3744 247 3786 to
260 3740 289 3787 be
301 3740 343 3786 the
354 3737 408 3786 MS.
420 3735 528 3801 reading.
794 3739 933 3785 consilia:
952 3752 991 3800 cp.
1005 3740 1018 3795 5
1033 3749 1056 3797 3.

172 3817 193 3852 a.
211 3806 257 3851 Ad
269 3807 365 3858 officia,
380 3803 418 3850 ‘in
436 3802 479 3850 the
494 3801 623 3865 discharge
637 3801 666 3850 ol
679 3801 711 3850 its
797 3816 834 3864 14.
852 3804 918 3861 Eos,
936 3801 951 3849 i.
959 3816 981 3850 e.
999 3801 1038 3850 his
1053 3800 1157 3852 soldiers
1167 3802 1218 3852 and
1228 3802 1270 3852 the
1281 3819 1336 3868 pro·

137 3867 232 3918 duties.’
266 3869 312 3932 Cp.
326 3871 339 3926 5
354 3882 366 3916 a
380 3867 429 3915 ‘ad
440 3865 635 3932 proficiendum?
760 3867 872 3917 vincials

171 3946 194 3994 5.
214 3937 343 3993 Tradere,
361 3937 402 3982 ‘to
414 3934 479 3983 hand
497 3931 569 3983 over'
586 3940 614 3980 to
629 3947 644 3981 a
657 3947 710 3981 auc·
796 3946 833 3995 15.
845 3935 975 3982 Vestram
983 3935 1175 3993 ddemsaouti‚
1186 3932 1335 3982 ‘influenced

138 4014 219 4048 cessor
226 3999 360 4063 appointed
370 3998 403 4061 by
412 3999 453 4047 the
459 4000 535 4048 home
541 4005 709 4062 govemment.
760 3998 793 4061 by
805 4013 867 4062 your
878 3998 1015 4063 promises‚¹
1026 4000 1033 4024 ‘
1044 3997 1139 4062 relying
1150 4014 1183 4047 on
1194 4014 1257 4063 your
1267 3998 1335 4062 good

172 4066 195 4114 8.
214 4068 245 4113 Si
257 4068 314 4113 iam
325 4067 473 4126 expeditis,
486 4065 538 4113 foll.
562 4064 592 4112 In
605 4062 710 4126 English
760 4063 839 4112 raith!

137 4146 175 4179 we
186 4129 276 4179 should
288 4145 339 4192 say,
352 4129 395 4177 ‘Ii
403 4130 473 4180 when
486 4131 499 4179 1
511 4129 583 4178 maire
592 4127 642 4177 this
651 4126 710 4177 offer
795 4130 833 4178 18.
852 4131 897 4176 111
910 4131 1033 4178 ll'uunlo:
1051 4144 1090 4192 cp.
1103 4129 1149 4194 Ep.
1164 4141 1218 4191 130,
1234 4141 1255 4187 1,
1268 4136 1333 4178 note.

137 4196 281 4259 everything
289 4194 335 4244 has
346 4196 407 4245 been
418 4195 506 4245 settled
521 4190 710 4257 satisfactorily!
761 4194 867 4243 Furnius
885 4193 1008 4258 probably
1030 4194 1117 4257 stayed
1135 4209 1205 4244 some
1228 4194 1290 4257 days
1308 4201 1335 4243 at

136 4263 156 4311 C
178 4262 228 4311 ‚Su
248 4260 287 4310 fle.
760 4259 849 4309 Rome.

158 4278 193 4390 p9.
211 4278 247 4375 ul
258 4330 361 4375 damno
374 4361 379 4374 .
392 4363 399 4374 .
411 4329 547 4387 laetabor,
559 4326 587 4373 ‘l
600 4323 666 4374 shall
675 4339 710 4374 re·
797 4339 832 4389 ¹9·
852 4327 1046 4374 ‘1¹ulslittsris.
1074 4323 1130 4373 The
1140 4323 1214 4373 letter
1225 4324 1253 4373 ot
1261 4323 1334 4372 Plan·

134 4391 200 4455 joice
211 4393 237 4441 in
248 4391 289 4441 the
300 4391 530 4442 commonwealth's
541 4391 600 4456 gain
614 4389 709 4454 though
760 4407 804 4440 cus
819 4391 875 4439 here
888 4389 994 4439 referred
1010 4399 1037 4439 to
1054 4405 1132 4439 seems
1148 4397 1175 4438 to
1192 4390 1254 4438 have
1271 4391 1333 4438 been

136 4458 252 4507 attended
272 4459 304 4521 by
324 4458 375 4506 loss
394 4466 420 4507 to
440 4455 496 4506 me.’
537 4458 578 4507 On
597 4455 639 4505 the
659 4456 709 4505 abl
761 4456 816 4505 lost.
851 4456 875 4504 lt
892 4470 938 4504 can
955 4455 1042 4519 hardly
1059 4456 1090 4504 be
1107 4454 1149 4503 Ad
1167 4455 1238 4503 Fam.
1258 4469 1296 4504 ro.
1310 4467 1334 4518 7,

137 4523 303 4585 ‘commodo,'
315 4540 354 4587 cp.
368 4523 454 4573 Madv.
467 4522 523 4585 264.
760 4520 842 4570 which
853 4535 958 4586 appears
968 4529 995 4572 to
1006 4520 1069 4571 have
1080 4519 1259 4585 accompanied
1272 4532 1309 4568 ro.
1320 4522 1334 4569 8
