3030 5542
164 859 205 945 36
506 858 556 918 M.
583 855 746 917 TULLII
768 852 1024 918 CICERONIS
1232 842 1328 936 [esau
1342 864 1366 910 r.

164 1048 214 1097 you
224 1031 279 1082 that
289 1030 303 1080 1
314 1028 441 1080 contrived
453 1044 503 1093 you
514 1027 605 1078 should
621 1026 686 1077 have
701 1044 755 1077 one.
790 1040 814 1090 5.
830 1027 844 1076 I
855 1026 890 1076 do
901 1033 945 1076 not
955 1025 1032 1076 allow
1042 1025 1097 1076 that
1106 1024 1176 1073 there
1187 1021 1233 1071 has
1244 1021 1307 1070 been
1319 1033 1368 1083 any

165 1110 263 1176 quarrel
275 1110 386 1158 between
397 1124 433 1158 us.
467 1106 490 1156 6.
508 1107 521 1156 1
534 1107 628 1157 udmire
640 1122 703 1172 your
714 1106 828 1156 affection
840 1106 879 1154 for
889 1120 952 1169 your
968 1104 1075 1163 brother,
1092 1104 1136 1152 but
1150 1116 1201 1165 you
1216 1098 1306 1150 should
1324 1104 1368 1147 not

164 1190 196 1238 be
208 1187 322 1238 offended
334 1187 368 1250 by
378 1202 421 1249 my
433 1186 574 1251 opposition
586 1193 613 1236 to
623 1184 677 1234 him
689 1200 721 1234 on
734 1183 820 1249 public
836 1183 954 1248 grounds,
966 1197 1012 1231 nor
1029 1182 1062 1246 by
1078 1195 1121 1242 my
1137 1179 1268 1228 resistance
1284 1184 1312 1226 to
1328 1174 1368 1224 his

166 1265 263 1317 attacks
274 1281 307 1315 ou
319 1264 415 1329 myselt'.
450 1273 472 1327 7.
490 1264 533 1313 He
544 1264 588 1312 did
599 1279 639 1312 me
651 1270 721 1327 great
732 1277 819 1326 wrong
835 1277 867 1310 ou
884 1261 1024 1311 December
1041 1272 1087 1321 ³¹3
1104 1265 1145 1322 yet
1178 1257 1201 1306 8.
1220 1255 1233 1303 1
1249 1270 1300 1304 was
1316 1253 1368 1303 still

166 1344 269 1394 anxious
281 1343 319 1393 ior
330 1359 345 1392 a
355 1342 550 1402 reconciliation,
566 1343 610 1391 but
621 1357 683 1406 your
695 1341 796 1391 brother
806 1339 904 1405 replied
920 1339 954 1404 by
965 1355 980 1388 a
991 1353 1091 1388 censure
1102 1336 1133 1386 oi
1146 1351 1188 1399 my
1199 1335 1253 1384 best
1264 1332 1369 1384 services

166 1438 194 1471 us
205 1422 299 1480 consul,
312 1420 362 1470 aud
379 1421 412 1483 by
423 1421 517 1470 further
534 1419 622 1469 insulta
639 1436 655 1470 a
671 1421 719 1469 icw
735 1419 797 1482 days
813 1417 965 1478 afterwards,
981 1425 1009 1466 to
1025 1415 1108 1465 which
1124 1414 1138 1464 1
1155 1413 1230 1464 could
1247 1419 1291 1461 not
1307 1411 1368 1475 help

166 1500 288 1565 replying.
322 1515 346 1564 9.
363 1499 435 1549 Alter
446 1499 481 1548 all
492 1498 534 1548 the
546 1499 721 1564 provocations
732 1497 745 1546 1
758 1495 808 1545 had
819 1494 941 1554 received,
950 1494 1072 1551 however,
1083 1494 1096 1542 Ι
1108 1492 1168 1542 took
1180 1506 1213 1539 no
1225 1490 1305 1540 active
1313 1496 1369 1552 part

166 1579 193 1628 in
211 1578 253 1629 the
270 1578 433 1644 proceedings
449 1577 548 1642 against
564 1592 626 1641 your
642 1575 756 1635 brother;
782 1591 814 1624 on
830 1575 873 1624 thc
890 1581 1010 1638 contrary,
1028 1573 1041 1621 Ι
1058 1569 1194 1636 supported
1210 1568 1252 1619 the
1269 1566 1369 1616 mildest

166 1656 296 1722 proposals
307 1655 390 1705 made.
426 1668 463 1704 10.
482 1656 494 1704 1
506 1664 598 1719 repeat,
609 1655 663 1705 that
673 1652 687 1702 1
699 1661 742 1703 not
753 1653 813 1717 only
825 1653 898 1701 make
915 1651 1052 1701 allowance
1069 1651 1108 1700 for
1124 1664 1188 1714 your
1203 1646 1368 1711 indignatiou,

167 1735 212 1785 but
223 1734 318 1784 admire
330 1735 363 1784 it:
381 1733 465 1797 Ionly
476 1733 521 1783 ask
533 1749 581 1797 you
593 1742 621 1784 to
631 1732 746 1784 consider
763 1748 805 1796 my
822 1731 931 1796 position
948 1728 1108 1796 impartiully,
1120 1744 1148 1777 as
1164 1728 1178 1776 1
1194 1727 1259 1776 bave
1276 1723 1369 1787 always

166 1813 273 1878 thought
285 1813 314 1862 os
321 1829 371 1878 you
382 1829 410 1862 as
421 1813 451 1862 oi
458 1829 474 1862 a
485 1812 571 1862 friend.

310 1966 347 2015 M.
364 1966 516 2016 TULLIUS
533 1967 570 2015 Μ.
587 1967 616 2016 F.
632 1964 763 2017 CICERO
781 1966 812 2029 Q.
830 1963 995 2014 METELLO
1013 1963 1044 2027 Q.
1063 1963 1092 2011 F.
1110 1959 1238 2011 CELERI

653 2068 795 2119 PROCOS.
811 2069 836 2118 S.
854 2068 887 2117 D.

215 2186 251 2251 Si
269 2198 306 2252 tu
323 2188 554 2270 exercitusque
568 2185 694 2265 valetis,
710 2187 796 2251 bene
811 2196 868 2250 est.
915 2184 1040 2250 Scribis
1060 2185 1103 2248 ad
1125 2204 1178 2247 me
1197 2194 1231 2247 te
1251 2181 1398 2245 existi-1

169 2311 276 2355 masse
306 2313 366 2374 pro
393 2303 509 2356 mutuo
536 2293 621 2355 inter
652 2310 713 2354 nos
740 2291 851 2354 animo
874 2298 908 2354 et
935 2311 996 2372 pro
1023 2288 1232 2353 reconciliata
1263 2286 1369 2370 gratia

169 2415 337 2477 nunquam
362 2405 397 2459 te
419 2417 439 2459 a
462 2416 515 2460 me
537 2394 679 2461 ludibrio
701 2395 828 2458 laesum
856 2395 902 2458 iri.
948 2394 1049 2477 Quod
1077 2393 1169 2456 cuius
1199 2393 1292 2458 modi
1314 2393 1368 2467 sit,

168 2499 248 2562 satis
275 2498 465 2583 intellegere
494 2520 560 2563 non
592 2520 737 2582 possum,
759 2500 817 2562 sed
844 2509 957 2563 tamen
990 2498 1137 2582 suspicor
1166 2500 1210 2563 ad
1236 2508 1271 2562 te
1296 2517 1368 2561 esse

141 2632 155 2680 5
170 2603 329 2680 adlatum,
346 2624 407 2680 me,
423 2605 455 2666 in
476 2614 592 2668 senatu
613 2624 688 2667 cum
704 2604 909 2687 disputarem
931 2602 1113 2685 permultos
1128 2622 1200 2666 esse
1220 2603 1277 2684 qui
1299 2622 1369 2666 rem

170 2706 338 2789 publicam
365 2729 385 2771 a
413 2728 466 2771 me
489 2719 715 2772 conservatam
742 2707 902 2785 dolerent,
922 2707 1048 2771 dixisse
1069 2728 1089 2770 a
1111 2718 1145 2770 te
1167 2707 1370 2789 propinquos

170 2821 255 2886 tuos,
277 2811 398 2894 quibus
421 2832 540 2893 negare
562 2832 628 2876 non
655 2812 828 2895 potuisses,
852 2812 1047 2895 impetrasse
1069 2820 1105 2874 ut
1129 2831 1168 2874 ea
1191 2831 1278 2891 quae
1301 2818 1368 2874 sta·

170 2915 291 2980 tuisses
322 2915 383 2979 tibi
417 2915 449 2979 in
481 2926 594 2980 senatu
627 2917 669 2980 de
702 2937 775 2980 mea
806 2915 905 2978 laude
936 2935 1007 2980 esse
1038 2915 1177 2979 dicenda
1207 2915 1370 2978 reticeres.

171 3018 273 3101 Quod
296 3039 370 3083 cum
395 3020 549 3094 dicerem,
571 3020 651 3083 illud
678 3021 825 3096 adiunxi,
850 3018 930 3083 mihi
954 3031 1064 3084 tecum
1092 3019 1137 3083 ita
1160 3019 1369 3102 dispertitum

129 3145 158 3180 ιο
170 3122 315 3187 officium
337 3123 436 3188 luisse
458 3125 492 3188 in
515 3123 561 3188 rei
581 3123 734 3210 publicae
754 3124 860 3188 salute
880 3124 1058 3199 retinenda,
1074 3133 1111 3186 ut
1130 3144 1192 3206 ego
1213 3123 1328 3216 urbem
1349 3143 1369 3185 a

171 3228 361 3292 domesticis
395 3228 518 3292 insidiis
549 3239 582 3292 et
612 3230 655 3293 ab
687 3228 841 3293 intestino
871 3228 1003 3305 scelere,
1028 3239 1066 3291 tu
1098 3227 1231 3292 ltaliam
1262 3238 1296 3292 et
1326 3226 1369 3290 ab

171 3333 308 3395 armatis
337 3331 489 3395 hostibus
511 3341 545 3397 ct
572 3333 615 3394 ab
638 3333 767 3397 occulta
794 3333 1019 3396 coniuratione
1044 3332 1246 3408 defenderes,
1268 3341 1370 3413 atquc

171 3435 256 3498 hanc
279 3443 425 3498 nostram
448 3437 532 3500 tanti
555 3446 588 3499 et
612 3446 680 3499 tam
705 3436 861 3519 praeclari
884 3437 1025 3500 muneris
1048 3436 1240 3500 societatem
1262 3457 1283 3499 a
1305 3437 1371 3499 tuis

171 3538 364 3621 propinquis
389 3539 631 3616 labefactatam,
654 3541 720 3622 qui,
742 3560 817 3604 cum
841 3551 876 3604 tu
907 3562 926 3605 a
953 3561 1007 3604 me
1037 3541 1134 3605 rebus
1160 3539 1371 3622 amplissimis

130 3663 158 3711 15
173 3652 272 3723 atque
292 3640 630 3707 honorificentissimis
651 3656 784 3709 umatus
804 3665 901 3721 esseS,
918 3646 1103 3709 timuissent
1124 3666 1165 3708 ne
1186 3666 1271 3727 quae
1291 3645 1370 3709 mihi

172 3765 247 3828 pars
262 3745 322 3809 abs
337 3756 371 3808 te
386 3746 566 3812 voluntatis
582 3756 718 3812 mutuae
733 3747 939 3812 tribueretur.
985 3749 1060 3813 Hoc
1081 3749 1114 3812 in
1129 3769 1280 3813 sermone
1295 3770 1370 3814 cum
1385 3763 1402 3808 a

171 3870 192 3912 a
215 3869 268 3912 me
291 3860 519 3932 exponeretur,
540 3871 626 3932 quae
651 3871 725 3914 mea
747 3853 955 3935 exspectatio
976 3852 1090 3917 fuisset
1112 3854 1270 3917 orationis
1292 3864 1371 3919 tuae

172 3961 364 4035 quantoque
390 3954 423 4017 in
445 3975 554 4017 errore
576 3965 724 4019 versatus
748 3975 863 4032 essem,
885 3955 955 4019 visa
979 3964 1030 4019 est
1053 3957 1161 4020 oratio
1191 3977 1257 4020 non
1290 3957 1372 4021 iniu-

173 4057 291 4133 cunda,
307 4065 342 4120 et
364 4058 538 4121 mediocris
558 4058 694 4140 quidam
715 4067 766 4123 est
786 4060 870 4122 risus
890 4069 1094 4135 consecutus,
1114 4080 1179 4123 non
1201 4059 1233 4123 in
1255 4072 1298 4138 te,
1312 4063 1370 4126 sed

128 4181 158 4214 20
173 4160 279 4243 magis
311 4161 344 4222 in
371 4182 514 4225 errorem
545 4182 655 4225 meum
678 4173 712 4226 et
738 4166 827 4246 quod
860 4184 914 4227 me
942 4163 1058 4227 abste
1087 4164 1215 4247 cupisse
1245 4165 1372 4229 laudari

205 4347 227 4396 3.
246 4338 331 4391 Quod
345 4338 426 4384 cuius
443 4339 521 4384 modi
537 4339 583 4396 sit,
598 4336 680 4387 ‘what
697 4353 746 4402 you
796 4337 915 4387 Metellus
925 4337 1006 4388 Celer.

174 4416 244 4448 mcun
257 4397 374 4463 thereby.’
408 4401 510 4450 Billerb.
831 4416 868 4466 15·
888 4407 933 4452 Ne
949 4419 1020 4461 quae
1038 4407 1109 4452 mihi
1188 4407 1372 4463 tribueretur,

206 4464 230 4513 6.
248 4468 428 4522 Propinquus
454 4473 527 4517 tuos.
571 4468 660 4518 Cicero
686 4484 746 4533 pro·
798 4469 860 4518 ‘lest
871 4485 920 4533 you
929 4469 1020 4518 should
1031 4470 1101 4519 show
1109 4485 1149 4518 mc
1161 4485 1230 4520 some
1240 4472 1309 4535 good
1319 4472 1372 4521 will

175 4530 249 4594 bably
260 4547 345 4580 means
354 4530 470 4581 Metellus
479 4532 574 4596 Nepos,
583 4534 631 4581 and
640 4534 747 4598 perhaps
795 4534 821 4582 ln
834 4536 930 4584 retum.'

174 4597 228 4645 also
240 4598 266 4645 P.
279 4597 391 4653 Clodius,
403 4597 487 4647 whose
497 4599 567 4649 sister
578 4598 685 4648 Claudia
696 4615 747 4648 was
833 4610 870 4663 17.
890 4603 1035 4649 Orationis
1044 4607 1119 4659 tuae,
1131 4601 1174 4649 ‘oi
1182 4617 1196 4648 a
1206 4602 1296 4666 speech
1309 4602 1372 4651 irom

174 4661 230 4712 wife
241 4662 271 4712 oi
280 4663 397 4712 Metellus
408 4662 486 4712 Celer.
797 4663 864 4729 you,'
877 4665 923 4714 ‘of
937 4681 1005 4714 some
1017 4666 1167 4716 declaration
1179 4682 1211 4715 on
1229 4684 1291 4731 your
1301 4667 1372 4732 part!

174 4728 748 4857 ni'riii'vir&iiiiissssin‘lieiiii
798 4730 1074 4860 iiiiiivmin‘i‘h‘
1090 4732 1227 4797 ⁹⁰⁵⁵²³⁵⁵v⁸
1249 4749 1372 4798 ΨΜ

210 4872 246 4921 14
265 4862 558 4917 Rebusampllssimls.
578 4859 658 4910 These
667 4861 748 4910 words
834 4875 871 4925 ¹9·
888 4864 1042 4911 Mediocris
1057 4899 1062 4911 .
1075 4898 1082 4911 .
1095 4864 1178 4911 τίσω.
1207 4863 1271 4913 This
1282 4864 1371 4914 Metel-

175 4924 244 4984 refer,
257 4925 388 4989 probably,
397 4934 424 4974 to
436 4926 477 4974 tbe
488 4926 621 4989 important
634 4929 748 4975 commis·
798 4926 837 4975 lus
849 4942 928 4976 seems
938 4936 965 4975 to
976 4928 1040 4976 have
1051 4927 1196 4977 considered
1208 4944 1239 4978 an
1256 4930 1332 4978 insuit
1344 4938 1372 4981 to

174 4990 242 5039 sious
263 4990 346 5042 which
368 4991 457 5041 Cicero
484 4991 535 5041 had
562 4992 682 5057 procured
710 4992 749 5042 ior
798 4991 905 5042 himself.
939 4993 1013 5058 ΟΜ
1029 5006 1039 5040 1
1055 4993 1084 5042 oi
1092 4992 1134 5043 the
1146 4996 1280 5059 preceding
1291 4996 1371 5047 letter.
