3030 5542
170 862 212 944 58
518 865 568 926 M.
595 864 760 926 TULLII
780 865 1037 927 CICERONIS
1239 861 1337 955 [rnna
1350 884 1374 934 1.

171 1033 282 1098 iudicii
306 1042 340 1097 et
362 1055 495 1099 causam
522 1036 748 1100 absolutionis.
795 1035 935 1119 Quaeris
958 1038 1122 1121 deinceps,
1141 1037 1199 1122 qui
1222 1058 1308 1102 nunc
1330 1038 1374 1103 sit

170 1147 276 1201 status
298 1160 407 1203 rerum
430 1141 542 1223 etqui
566 1162 676 1205 meus:
699 1142 744 1205 rei
766 1141 918 1226 publicae
940 1153 1063 1206 statum
1087 1142 1187 1219 illum,
1211 1162 1312 1226 quem
1335 1152 1372 1206 tu

172 1258 247 1301 meo
273 1239 419 1316 consili0‚
443 1260 507 1323 ego
533 1241 646 1305 divino
672 1241 904 1306 confirmatum
932 1244 1101 1324 putabam,
1122 1244 1179 1326 qui
1206 1243 1371 1307 bonorum

171 1338 321 1401 omnium
352 1339 580 1404 coniunctione
612 1351 646 1405 et
675 1342 872 1406 auctoritate
906 1342 1095 1407 consulatus
1124 1343 1188 1407 mei
1217 1342 1306 1406 fixus
1336 1352 1371 1406 et

144 1442 329 1510 5lundatus
351 1444 532 1522 videbatur,
547 1445 610 1508 nisi
629 1445 702 1528 quis
725 1466 786 1510 nos
805 1446 886 1509 deus
905 1446 1097 1529 respexerit,
1113 1446 1263 1531 elapsum
1284 1446 1371 1511 scito

172 1567 244 1610 esse
261 1547 304 1610 de
324 1549 476 1611 manibus
495 1569 560 1612 uno
581 1548 645 1613 hoc
667 1549 795 1626 iudicio,
811 1550 838 1613 si
860 1551 1015 1613 iudicium
1034 1560 1092 1625 est,
1109 1551 1245 1633 triginta
1264 1550 1375 1613 homi·

172 1670 229 1713 nes
245 1650 359 1734 populi
376 1653 518 1716 Romani
534 1651 717 1717 levissimos
736 1674 774 1717 ac
794 1653 1010 1735 nequissimos
1031 1654 1208 1718 nummulis
1228 1654 1374 1737 acceptis

172 1755 223 1819 ius
238 1776 276 1820 ac
291 1754 339 1820 las
355 1777 453 1820 omne
469 1756 579 1821 delere
593 1766 636 1831 et,
651 1758 741 1840 quod
757 1777 873 1822 omnes
888 1778 953 1821 non
970 1759 1070 1822 modo
1086 1757 1245 1837 homines,
1256 1777 1374 1822 verum

173 1860 273 1923 etiam
297 1862 439 1942 pecudes
461 1861 585 1926 factum
617 1881 689 1926 esse
719 1862 832 1938 sciant,
855 1862 888 1924 id
912 1861 1079 1926 Thalnam
1103 1871 1137 1925 et
1161 1862 1314 1926 Plautum
1338 1872 1374 1927 et

130 1978 160 2015 ¹0
174 1962 356 2048 Spongiam
378 1975 411 2029 et
432 1975 556 2030 ceteras
576 1965 674 2029 huius
698 1966 787 2029 modi
808 1966 1001 2048 quisquilias
1022 1976 1167 2031 statuere
1189 1985 1373 2049 numquam

160 2088 244 2131 ¹esse
262 2069 396 2134 lactum.
443 2068 511 2135 Sed
531 2080 653 2146 tamen,
669 2079 706 2133 ut
729 2079 762 2133 te
783 2071 825 2133 de
848 2071 1033 2152 republica
1055 2070 1212 2148 consoler,
1227 2090 1294 2135 non
1317 2070 1402 2147 ita,‘1

172 2181 209 2236 ut
231 2181 403 2256 sperarunt
426 2173 513 2250 mali,
535 2182 630 2238 tanto
653 2174 809 2256 imposito
835 2173 881 2238 rei
904 2173 1055 2256 publicae
1085 2173 1219 2238 volnere
1255 2173 1375 2239 alacris

173 2277 319 2340 exsultat
339 2277 532 2359 improbitas
556 2278 588 2340 in
609 2277 766 2356 victoria;
789 2297 865 2340 nam
886 2278 984 2358 plane
1005 2278 1051 2341 ita
1072 2287 1280 2361 putaverunt,
1298 2297 1374 2342 cum

175 2380 299 2464 religio,
320 2400 395 2444 curn
425 2382 591 2464 pudicitia,
614 2401 689 2445 cum
714 2383 907 2446 iudiciorum
932 2380 1022 2458 fides,
1042 2403 1118 2447 cum
1140 2390 1273 2446 senatus
1295 2401 1374 2447 auc·

130 2498 159 2548 15
173 2485 290 2548 toritas
322 2486 527 2562 concidisset,
553 2486 622 2549 lore
656 2495 692 2549 ut
726 2496 838 2568 aperte
869 2487 988 2551 victrix
1020 2486 1166 2569 nequitia
1196 2504 1237 2550 ac
1258 2485 1375 2566 ,libido

173 2610 298 2672 poenas
324 2588 366 2652 ab
389 2589 516 2673 optimo
539 2610 673 2673 quoque
695 2598 822 2672 peteret
844 2591 894 2654 sui
917 2589 1050 2665 doloris,
1073 2611 1171 2673 quem
1196 2590 1374 2673 improbis-

172 2693 257 2758 simo
280 2693 397 2774 cuique
420 2694 580 2758 inusserat
602 2695 758 2759 severitas
780 2695 970 2759 consulatus
993 2695 1066 2759 mei.
1112 2694 1206 2758 idem
1230 2713 1295 2776 ego
1318 2692 1404 2759 illes

173 2817 283 2860 -non
313 2799 400 2861 enim
433 2798 513 2861 mihi
535 2799 650 2862 videor
671 2799 849 2864 insolenter
870 2800 1011 2882 gloriari,
1034 2819 1110 2862 cum
1133 2800 1175 2862 de
1199 2819 1252 2862 me
1283 2800 1373 2882 apud

174 2911 208 2965 te
240 2901 364 2985 loquor,
387 2903 420 2965 in
451 2924 491 2967 ea
522 2903 711 2986 praesertim
746 2903 894 2987 epistola,
917 2924 1018 2985 quam
1051 2903 1128 2966 nolo
1159 2902 1232 2965 aliis
1263 2901 1376 2996 legi-

130 3017 161 3052 ²0
175 3006 272 3082 idem,
296 3007 439 3088 inquam,
465 3027 527 3089 ego
560 3008 700 3071 recreavi
732 3007 883 3071 adflictos
913 3008 1042 3069 animos
1074 3007 1247 3082 bonorum,
1271 3024 1374 3069 unum

173 3130 339 3192 quemque
362 3108 567 3189 confirmans,
586 3113 752 3190 excitans;
775 3111 975 3175 insectandis
996 3130 1074 3173 vero
1097 3109 1375 3192 exagitandisque

175 3246 266 3295 dicitur
277 3246 319 3310 qui
331 3246 373 3309 qui
393 3246 461 3311 piam
472 3246 551 3296 audiit
565 3244 747 3311 intellexitque!
799 3247 825 3295 in
836 3247 900 3298 their
911 3245 1022 3313 triumph
1033 3261 1061 3294 es
1071 3244 1114 3295 the
1125 3245 1200 3310 badly
1211 3243 1374 3295 affectedhad

176 3312 282 3361 Forcell.
316 3313 363 3379 Cp.
375 3263 438 3376 iipp.
450 3324 471 3375 7,
486 3327 517 3375 5;
536 3310 574 3375 36,
591 3327 637 3372 ιο,
656 3327 694 3376 29,
709 3326 746 3361 20.
798 3310 899 3376 boped.’

201 3381 241 3426 Ut
258 3381 423 3427 brevissime
440 3382 528 3436 potul,
547 3395 579 3428 sc
593 3376 747 3443 ‘exponere’
835 3392 871 3425 12.
891 3381 981 3427 'l'ento
998 3379 1133 3434 imposito
1145 3412 1151 3424 .
1164 3413 1169 3424 .
1182 3378 1315 3426 volnere:
1333 3391 1372 3441 cp.

176 3443 216 3492 Ou
228 3443 270 3492 tbe
282 3443 378 3510 ellipse,
391 3459 431 3492 see
442 3443 527 3491 Madv.
540 3456 588 3507 479
600 3443 624 3492 d.
801 3444 957 3492 ‘volneribus
977 3459 1039 3508 quae
1059 3450 1116 3491 sunt
1136 3442 1254 3506 imposita
1274 3441 1372 3506 provin-

210 3523 233 3570 5.
251 3511 316 3556 Nisi
332 3511 397 3565 quis
416 3522 468 3557 noe
486 3512 555 3557 deus
575 3512 747 3566 respexeritr
799 3508 867 3558 ciae'
880 3509 922 3557 Ad
934 3510 985 3558 Att.
998 3517 1068 3572 μγ,
1082 3507 1105 3556 6.
1140 3510 1313 3564 Improbitn
1324 3505 1373 3556 and

176 3589 215 3638 cp.
237 3573 300 3621 ‘nisi
323 3573 390 3622 idem
413 3573 492 3621 deus.
505 3611 512 3624 .
524 3610 530 3621 .
544 3575 676 3639 respexerit
696 3590 748 3623 rem
798 3578 866 3624 mali
879 3590 945 3624 seem
957 3582 984 3623 to
996 3575 1027 3623 be
1039 3573 1151 3623 different
1167 3572 1337 3688 ἀξίἰὲηαῐὶοω
1347 3571 1377 3621 of

175 3637 319 3704 publicam’
331 3639 372 3686 Ad
384 3640 436 3688 Att.
456 3648 479 3702 7.
494 3652 516 3698 1,
530 3654 551 3690 2.
799 3640 842 3689 the
864 3656 932 3690 same
954 3639 1137 3706 peoplen‘the
1158 3639 1185 3687 di
1232 3639 1304 3689 ected
1323 3636 1372 3686 and

208 3708 346 3762 Elapsum
363 3740 368 3752 .
387 3739 394 3752 .
412 3741 418 3752 .
436 3707 471 3754 de
482 3709 630 3755 munibus:
648 3721 687 3770 cp.
700 3706 748 3754 Pro
800 3704 954 3768 disorderly.’

175 3770 239 3818 Mur.
252 3784 293 3832 39,
305 3772 344 3833 85.
836 3787 872 3835 14
891 3775 986 3832 Fides,
999 3767 1149 3835 ‘integrity.'

208 3835 231 3884 6.
248 3840 314 3886 Uno
336 3840 390 3886 hoo
412 3838 526 3886 iudicio.
560 3837 611 3886 For
628 3836 671 3887 the
687 3837 748 3897 abl,
836 3850 873 3901 15.
890 3840 1029 3898 Nequitia
1056 3851 1088 3887 ao
1115 3839 1214 3896 libido,
1245 3831 1372 3884 'criminel

174 3917 262 3951 aeeon
319 3938 325 3949 .
817 3903 916 3951 assion!

210 3907 390 4016 suricinium
407 3973 450 4017 ost
468 4005 474 4018 .
493 4004 499 4015 .
518 4003 524 4015 .
542 3970 643 4027 delere,
656 3967 694 4016 ‘ii
707 3967 750 4016 the
799 3918 1165 4019 p16.Poonns..dolorte.
1200 3965 1305 4041 C.Ep.
1319 3964 1372 4025 108,

176 4033 315 4082 overthrow
325 4033 353 4082 of
361 4033 397 4081 all
409 4033 457 4082 law
466 4033 515 4082 and
524 4033 619 4096 justice,
629 4035 662 4099 by
671 4033 749 4098 thirty
803 4048 825 4095 1,
837 4034 876 4083 ior
887 4034 929 4083 the
940 4035 1080 4099 expression
1092 4034 1117 4081 in
1126 4049 1141 4080 a
1150 3982 1254 4097 sligbtiy
1261 4031 1372 4081 different

175 4098 305 4148 worthless
316 4115 372 4147 men
387 4098 424 4148 for
439 4099 562 4149 wretched
578 4099 636 4164 pell,
649 4101 749 4149 deserve
801 4116 869 4150 sense
878 4117 885 4156 ;
903 4099 958 4148 also
975 4100 1023 4148 Pro
1041 4098 1144 4158 Milone,
1164 4111 1203 4160 13,
1222 4110 1262 4160 35,
1275 4097 1373 4162 punitor

175 4165 216 4214 the
228 4180 301 4214 name
313 4165 342 4214 of
354 4182 369 4213 a
380 4163 454 4214 trial!
487 4166 542 4215 The
553 4166 634 4214 words
650 4168 750 4222 populi
799 4165 893 4215 doloris
902 4166 946 4216 sui.

176 4233 296 4279 Romani
313 4247 355 4279 ure
371 4231 493 4295 govemed
511 4233 543 4294 by
560 4231 602 4281 the
618 4230 749 4294 following
835 4244 873 4294 17.
891 4234 1053 4280 Inuseerat:
1071 4245 1110 4294 cp.
1125 4228 1251 4280 ‘curhunc
1261 4226 1373 4277 dolorem

175 4295 345 4409 supetLllatives.
373 4298 597 4412 &thiadvbalm'k
604 4297 676 4346 ‘The
685 4304 750 4346 most
800 4298 950 4411 {inediiyrs
972 4303 1046 4360 atque
1074 4296 1170 4344 ossibus
1197 4293 1321 4343 inussisti'
1343 4292 1373 4342 In

175 4377 228 4410 wor
267 4376 408 4411 essmenrn
453 4379 559 4413 ewoe
598 4379 672 4412 oman
722 4377 749 4410 o·
825 4379 870 4412 err.
907 4375 1010 4412 c.2.1.
1078 4375 1132 4410 11.

174 4425 231 4492 ple!
266 4428 338 4477 Boot.
690 4379 721 4427 pe
834 4432 916 4477 Idem
935 4443 987 4486 ogo
1004 4377 1063 4489 flii}
1080 4374 1189 4477 ‘I3alsa'
1222 4423 1269 4475 See
1287 4424 1372 4474 Madv.

209 4509 232 4557 9.
253 4496 358 4543 Solent.
401 4495 451 4543 For
474 4494 516 4543 the
534 4495 618 4555 mood,
643 4511 683 4560 cp.
701 4495 749 4559 Ep.
799 4496 856 4559 488.

177 4572 200 4622 5,
212 4561 234 4618 8,
247 4559 296 4608 and
308 4567 368 4608 note
381 4562 417 4624 (p.
436 4558 487 4624 39).
838 4574 873 4623 ¹9·
891 4561 966 4607 Aliis
976 4561 1042 4618 leui,
1054 4560 1095 4606 ‘to
1112 4558 1143 4606 be
1160 4557 1218 4607 read
1234 4562 1260 4605 to
1274 4552 1373 4606 others?

209 4628 347 4674 Thalnam
358 4633 387 4675 et
398 4629 532 4674 Plautum
544 4631 573 4675 et
586 4628 747 4682 spongiam.
800 4626 873 4674 Boot.
909 4624 1019 4687 Madvig.
1033 4640 1064 4673 on
1077 4623 1130 4672 Cic.
1143 4622 1174 4672 de
1191 4623 1246 4672 Flu.
1261 4635 1282 4672 1.
1296 4640 1320 4685 4,
1335 4635 1373 4679 11,

176 4691 258 4740 These
270 4706 335 4740 seem
347 4699 375 4741 to
386 4693 417 4741 be
428 4708 513 4740 names
522 4691 595 4754 given
604 4691 630 4739 iu
641 4691 749 4739 derision
799 4706 856 4753 says
867 4689 921 4738 that
933 4689 975 4739 the
989 4689 1070 4738 words
1085 4697 1151 4738 must
1166 4703 1238 4739 mean
1253 4688 1313 4748 this,
1325 4687 1373 4736 and

175 4764 203 4805 to
215 4756 256 4806 the
265 4757 360 4821 judges.
394 4757 471 4807 Orell.
484 4756 577 4805 Onom.
799 4755 855 4806 that
871 4755 913 4804 the
931 4755 1046 4804 insertion
1064 4755 1094 4804 oi
1108 4752 1271 4804 ‘ab'would
1289 4755 1320 4803 be
1336 4768 1373 4802 re-

211 4836 248 4872 10.
268 4826 452 4884 quisquilias,
482 4821 598 4871 ‘refusa'
630 4820 678 4885 Cp.
699 4820 749 4869 Pro
799 4821 886 4885 quired
905 4820 928 4869 il
946 4820 1005 4884 they
1021 4836 1085 4870 were
1107 4827 1134 4870 to
1157 4836 1229 4869 mean
1249 4819 1323 4868 ‘read
1344 4819 1374 4882 by

175 4888 237 4938 Sest.
255 4904 296 4951 43,
309 4905 347 4953 94
799 4884 900 4936 others’

212 4968 248 5002 rr.
267 4957 334 5003 Non
350 4958 409 5002 ita.
424 4991 429 5003 .
443 4956 474 5001 tn
490 4954 619 5012 vietor-la,
633 4951 690 5000 ‘the
702 4967 747 5000 un·
833 4966 870 5001 rr.
888 4955 1070 5014 oonflrmans,
1079 4953 1373 5015 exortumfenoourag-

176 5019 321 5085 scrupulous
332 5035 373 5070 are
384 5028 427 5069 not
440 5034 468 5069 so
480 5019 559 5070 active
576 5018 625 5069 and
636 5016 748 5081 exulting
798 5018 841 5085 ing
851 5019 899 5068 and
907 5015 1047 5084 ‘aroustug’
