3030 5542
145 370 193 417 ar.
210 349 277 442 29.]
499 355 565 415 AD
587 353 885 419 FAMILIARES
906 355 935 419 1.
960 375 990 439 9.
1284 372 1345 438 217

145 526 267 609 quique
283 546 375 590 meus
396 524 429 588 in
445 546 480 590 re
500 525 634 608 publica
650 527 694 590 sit
714 547 774 609 pro
791 548 865 592 mea
885 538 979 611 parte
1000 528 1202 612 capessenda
1217 537 1346 604 status;

145 631 269 713 dequo
284 631 330 695 sic
346 630 444 694 velim
463 639 599 707 statuas,
615 651 669 694 me
683 630 765 695 haec
781 633 899 696 eadem
914 653 1086 696 sensurum
1102 630 1211 708 luisse,
1223 633 1249 694 si
1266 632 1346 696 mihi

143 734 270 819 integra
292 735 405 798 omnia
427 754 466 799 ac
487 735 591 799 libera
614 734 768 799 luissent:
793 755 870 799 nam
894 756 1000 819 neque
1022 737 1239 819 pugnandum
1262 737 1347 800 arbi·

143 847 247 902 trarer
262 848 377 901 contra
393 847 502 902 tantas
516 858 597 919 opes
609 858 717 920 neque
733 839 920 917 delendum,
930 841 1030 905 etiam
1046 842 1073 903 si
1089 841 1123 904 id
1139 840 1208 903 fieri
1224 848 1347 922 posset,

143 961 347 1006 summorum
370 942 490 1006 civium
514 942 734 1025 principatum
758 963 819 1006 nec
849 944 1109 1027 permanendum
1134 943 1165 1006 in
1189 963 1253 1007 una
1272 964 1375 1022 sen-5

143 1048 245 1109 tentia
278 1045 441 1109 conversis
473 1046 569 1109 rebus
598 1066 637 1110 ac
668 1045 832 1110 bonorum
861 1047 1086 1111 voluntatibus
1120 1047 1265 1123 mutatis,
1288 1048 1348 1111 sed

142 1150 346 1232 temporibus
367 1151 630 1214 adsentiendum.
679 1150 870 1234 Numquam
888 1153 975 1216 enim
996 1151 1031 1215 in
1052 1152 1295 1234 praestantibus
1314 1153 1346 1216 in

143 1252 324 1334 republica
339 1252 556 1336 gubernanda
567 1255 645 1318 viris
660 1254 796 1319 laudata
812 1266 863 1320 est
879 1255 911 1318 in
927 1275 994 1319 una
1009 1255 1170 1319 sententia
1186 1265 1346 1338 perpetua

142 1357 337 1439 permansio,
359 1358 427 1433 sed,
451 1368 488 1421 ut
518 1358 551 1421 in
580 1360 770 1443 navigando
798 1360 990 1442 tempestati
1020 1359 1159 1440 obsequi
1182 1361 1262 1422 artis
1285 1367 1344 1436 est,

142 1459 243 1523 etiam
265 1462 293 1524 si
316 1471 448 1545 portum
472 1472 584 1526 tenere
607 1483 673 1525 non
697 1484 808 1546 queas,
829 1483 904 1527 cum
927 1484 1006 1527 vero
1030 1464 1062 1527 id
1085 1462 1193 1547 possis
1217 1472 1344 1528 mutata
1361 1497 1391 1531 ιο

142 1563 362 1629 velificatione
373 1565 520 1648 adsequi,
533 1565 671 1631 stultum
681 1576 732 1630 est
749 1587 824 1630 eum
838 1577 951 1631 tenere
966 1587 1041 1630 cum
1054 1565 1200 1651 periculo
1213 1586 1343 1630 cursum

141 1688 240 1750 quem
264 1669 399 1753 ceperis,
414 1671 525 1753 potius
543 1691 643 1754 quam
666 1692 706 1734 eo
728 1682 934 1736 commutato
950 1692 1016 1754 quo
1037 1670 1118 1735 velis
1137 1682 1248 1735 tamen
1270 1690 1345 1754 per-

140 1772 257 1848 venire,
281 1772 337 1847 sic,
360 1793 435 1838 cum
469 1776 624 1840 omnibus
658 1775 753 1840 nobis
785 1776 817 1838 in
851 1774 1112 1840 administranda
1145 1794 1179 1838 re
1210 1775 1344 1859 publica

140 1877 349 1960 propositum
364 1898 435 1941 esse
449 1879 570 1942 debeat
586 1879 629 1957 id,
638 1880 727 1962 quod
743 1901 763 1943 a
779 1900 832 1943 me
847 1881 1038 1963 saepissime
1052 1879 1179 1944 dictum
1195 1889 1255 1949 est,
1265 1898 1341 1942 cum

140 1980 304 2062 dignitate
333 1982 448 2059 otium,
470 2002 537 2046 uon
573 1983 661 2047 idem
695 2003 827 2067 semper
858 1984 976 2061 dicere,
998 1985 1056 2047 sed
1089 1983 1178 2047 idern
1212 2002 1386 2066 semper15

139 2092 289 2166 spectare
303 2084 472 2149 debemus.
518 2085 629 2169 Quam
647 2086 691 2150 ob
712 2107 790 2165 rem,
805 2098 843 2152 ut
860 2087 960 2171 paulo
975 2097 1052 2151 ante
1067 2087 1174 2169 posui,
1190 2086 1217 2150 si
1232 2096 1344 2150 essent

141 2189 254 2251 omnia
277 2187 358 2251 mihi
391 2188 600 2265 solutissima,
624 2200 736 2254 tamen
766 2192 799 2253 in
829 2212 864 2254 re
887 2191 1020 2275 publica
1041 2210 1109 2255 non
1132 2189 1216 2253 alius
1238 2209 1344 2254 essem

140 2301 241 2374 atque
256 2313 342 2356 nunc
357 2314 449 2357 sum:
473 2314 549 2357 cum
564 2316 644 2359 vero
664 2295 697 2358 in
717 2294 804 2358 hunc
820 2314 951 2359 sensum
969 2303 1001 2359 et
1022 2292 1158 2358 adliciar
1178 2292 1344 2357 beneficiis

140 2397 313 2462 hominum
329 2408 361 2461 et
384 2398 566 2480 compellar
581 2397 713 2477 iniuriis,
729 2397 824 2463 facile
844 2398 954 2482 patior
969 2418 1008 2463 ea
1024 2418 1078 2461 me
1094 2398 1137 2461 de
1159 2417 1193 2459 re
1208 2395 1343 2480 publica

141 2502 262 2567 sentire
277 2523 316 2566 ac
332 2502 447 2578 dicere,
462 2521 549 2584 quae
565 2501 711 2567 maxime
726 2522 802 2565 cum
819 2502 900 2565 mihi
923 2512 995 2565 tum
1012 2503 1114 2566 etiam
1131 2501 1176 2565 rei
1192 2498 1343 2582 publicae
1359 2529 1390 2564 20

141 2606 323 2671 rationibus
339 2615 454 2690 putem
465 2605 657 2670 conducere.
681 2606 843 2689 Apertius
855 2613 965 2670 autem
981 2605 1064 2669 haec
1076 2626 1142 2687 ago
1150 2625 1188 2668 ac
1204 2604 1344 2687 saepius,

140 2711 231 2792 quod
247 2720 280 2774 et
293 2709 447 2792 Quintus,
459 2708 559 2773 srater
571 2729 671 2786 meus,
681 2709 809 2794 legatus
821 2720 871 2773 est
885 2708 1033 2773 Caesaris
1045 2718 1078 2773 et
1091 2707 1216 2771 nullum
1231 2727 1342 2795 meum

141 2813 314 2876 minimum
330 2814 465 2889 dictum,
475 2833 541 2877 non
557 2814 658 2877 modo
671 2813 804 2891 lactum,
814 2833 875 2896 pro
891 2811 1033 2877 Caesare
1048 2811 1240 2889 intercessit,
1252 2811 1342 2893 quod

141 2917 196 2981 ille
214 2937 279 2980 non
296 2917 343 2980 ita
358 2915 474 2980 illustri
496 2917 602 3001 gratia
617 2917 796 3001 exceperit,
813 2928 850 2982 ut
871 2938 934 3001 ego
955 2937 1030 2980 eum
1053 2916 1134 2979 mihi
1153 2916 1343 2979 devinctum

174 3065 195 3101 ι.
209 3054 321 3111 Quique
332 3066 411 3101 meua
424 3089 430 3101 .
444 3058 558 3113 statue,
572 3053 635 3101 ‘and
647 3053 713 3103 what
800 3063 837 3115 17.
856 3055 1043 3113 solutissima,
1058 3052 1140 3116 ‘quite
1156 3051 1207 3100 lree
1217 3050 1282 3100 from
1293 3065 1344 3100 em-

139 3118 161 3166 is
173 3133 215 3181 my
226 3117 341 3182 political
352 3118 461 3181 position
472 3132 500 3166 aa
511 3133 542 3166 un
554 3118 709 3167 individual!
768 3117 959 3168 banassmeats’
994 3117 1049 3167 The
1057 3117 1206 3182 superlative
1217 3117 1239 3166 ia
1249 3132 1311 3166 rare.

173 3196 196 3245 5.
215 3187 396 3232 summorum
412 3186 525 3233 utrium
560 3183 652 3233 Caesar
667 3183 717 3232 aud
801 3188 1083 3241 nonsummum
1097 3182 1345 3236 ..aum,‘uoother

139 3248 258 3312 Pompey.
768 3247 989 3299 manthanlam'
1024 3250 1071 3313 Cp.
1085 3248 1170 3297 Madv.
1182 3263 1240 3311 444,
1253 3249 1276 3296 b.

174 3323 196 3377 7.
214 3316 400 3371 Temporibus
418 3316 643 3374 adsentiendum,
662 3313 715 3364 loll.
804 3317 840 3363 18.
859 3319 930 3364 cum
940 3329 1016 3370 varo,
1030 3315 1090 3363 ‘but
1101 3329 1158 3362 now
1169 3312 1239 3364 that’

140 3377 232 3428 lidekel
250 3380 325 3429 refers
344 3387 371 3428 to
391 3381 439 3428 Pro
456 3379 539 3428 Plane.
557 3393 638 3444 37—39
656 3381 716 3444 (9¹·
800 3384 836 3429 In
853 3384 928 3430 buno
945 3395 1066 3441 sensum,
1079 3382 1122 3429 ‘to
1133 3395 1175 3444 my
1186 3385 1283 3443 present
1293 3379 1342 3428 dia·

139 3445 184 3507 94)
195 3460 223 3494 as
234 3461 249 3493 a
261 3445 363 3509 parallel
375 3460 488 3509 passage.
766 3445 892 3510 position!

172 3523 196 3573 9.
214 3512 386 3571 Permaneto,
416 3515 423 3538 ⁴
432 3507 621 3574 perseveranda!
666 3510 714 3576 Cp.
799 3514 949 3561 Beneficiis
961 3508 1306 3570 bominum‚‘theservlces’
1316 3510 1346 3560 ol

139 3575 179 3624 De
191 3576 285 3627 lavent.
295 3577 368 3625 Rhet.
382 3589 403 3624 a.
418 3576 527 3639 54,164.
767 3576 878 3640 Pompey
889 3577 914 3624 in
932 3577 1076 3640 promotiug
1092 3576 1132 3624 his
1148 3575 1231 3635 recall,
1249 3574 1300 3625 aud
1317 3576 1347 3624 oi

171 3643 250 3690 Artis
258 3647 308 3700 eet,
320 3642 412 3691 ‘shows
418 3640 492 3690 skill'
510 3640 556 3704 Cp.
564 3640 650 3690 Madv.
660 3641 715 3690 282.
767 3642 859 3691 Caesar
870 3642 894 3689 in
906 3640 1007 3705 leading
1019 3642 1072 3690 him
1083 3656 1178 3704 money.

173 3718 212 3756 ιο.
229 3710 272 3765 Id,
285 3723 319 3757 sc.
333 3710 447 3770 ‘ponam
458 3706 556 3756 tenere)
802 3720 839 3770 19.
857 3709 983 3765 Iniuriis,
1005 3707 1047 3755 the
1067 3707 1184 3770 lutriguea
1201 3706 1231 3755 ol
1250 3705 1342 3755 certain

174 3784 211 3820 12.
229 3775 343 3833 Tamen,
354 3769 545 3832 “nevenheless,'
554 3774 560 3797 ‘
570 3786 629 3822 even
639 3779 665 3820 at
674 3771 715 3822 the
766 3773 855 3822 nobles
866 3773 927 3821 with
938 3772 1050 3822 Clodius.

138 3852 243 3901 expense
260 3838 289 3886 ol
305 3837 430 3902 chauging
446 3853 508 3900 your
524 3835 625 3886 course!
659 3837 715 3886 The
800 3841 896 3888 wanilo
913 3841 1008 3894 patior
1025 3873 1031 3886 .
1050 3874 1056 3888 .
1074 3836 1342 3898 conducere,'‘1a1u

137 3903 207 3951 word
227 3904 419 3968 corresponding
436 3911 463 3953 to
481 3901 592 3952 ‘tamen’
609 3903 631 3952 ia
649 3903 715 3952 osten
766 3912 865 3953 content
876 3912 904 3952 to
915 3903 978 3953 hold
989 3903 1039 3952 and
1050 3918 1148 3967 express
1158 3903 1219 3951 such
1227 3902 1342 3966 opinions

138 3967 251 4018 omitted.
286 3970 334 4033 Cp.
349 3968 453 4018 Forcell.
765 3985 798 4018 on
811 3969 911 4033 politice
922 3984 949 4018 as
961 3970 973 4019 1
986 3968 1057 4018 think
1069 3976 1135 4017 most
1148 3968 1225 4030 likely
1236 3976 1263 4016 to
1274 3982 1342 4016 serve

172 4046 210 4095 14
228 4038 405 4092 saepissime.
427 4032 715 4100 Especially‚aslidckel
766 4035 828 4084 both
846 4050 887 4097 my
904 4050 961 4084 own
978 4037 1089 4084 interests
1106 4032 1154 4081 and
1172 4033 1242 4081 those
1258 4031 1287 4079 ol
1299 4031 1342 4081 the

138 4099 221 4164 points
232 4108 283 4156 out,
294 4101 342 4149 Pro
354 4101 415 4149 Sest.
428 4114 468 4163 45,
481 4101 522 4164 98.
765 4098 850 4149 sure!
883 4100 923 4150 On
936 4101 978 4151 the
990 4100 1132 4165 expression
1145 4097 1231 4147 ‘lacile
1242 4094 1341 4162 patior‚'

172 4178 210 4228 15.
224 4168 290 4213 Nou
301 4169 378 4214 idem
391 4169 563 4226 ..debemus
575 4166 624 4213 ‘we
635 4163 714 4228 ought
765 4180 803 4230 cp.
816 4166 863 4230 Ep.
876 4180 898 4227 3,
914 4180 925 4214 a
939 4166 988 4216 aud
999 4180 1022 4228 3,
1035 4173 1114 4214 notes.

136 4239 182 4279 not
193 4231 282 4280 indeed
299 4231 392 4293 always
406 4237 433 4279 to
448 4231 509 4280 hold
524 4232 566 4280 the
580 4245 649 4279 same
661 4230 714 4279 lan-
802 4245 837 4292 23·
866 4235 1038 4292 Interamn,
1071 4227 1163 4292 merely
1179 4249 1202 4269 =
1219 4225 1340 4277 ‘accidit’

136 4311 225 4359 guage,
240 4297 284 4346 but
301 4295 395 4360 always
409 4305 436 4346 to
449 4296 513 4346 have
526 4297 568 4346 the
584 4311 652 4344 same
665 4296 713 4345 eud
764 4298 785 4346 F
786 4296 870 4346 orceli.

135 4363 249 4410 inviewl
800 4377 838 4425 ²4·
856 4363 1015 4420 Exceperln
1039 4358 1077 4409 lor
1094 4359 1136 4408 the
1155 4365 1230 4418 tense,
1254 4372 1281 4407 aa
1303 4373 1340 4407 re·

171 4426 209 4476 16.
227 4429 323 4487 Posui,
345 4427 458 4491 ‘stated'
477 4443 594 4478 common
614 4428 639 4477 ln
664 4427 714 4477 this
765 4429 856 4491 serring
878 4434 904 4476 to
923 4442 939 4475 a
956 4425 1055 4475 definite
1074 4423 1202 4474 historical
1223 4423 1280 4485 lact,
1300 4439 1339 4488 cp.

136 4507 205 4547 κω
216 4492 242 4542 in
254 4492 351 4543 Cicero.
765 4494 851 4543 Madv.
864 4494 920 4558 382,
932 4492 992 4542 Obs.
1007 4504 1029 4542 1.
