3030 5542
143 384 192 431 rr.
210 363 277 455 74]
523 371 589 432 AD
610 370 831 435 ATTICUM
847 372 891 434 X.
919 369 968 439 16.
1281 373 1345 459 387

143 540 283 621 reperies
301 540 478 624 quicquam
499 553 600 624 quam
616 542 660 607 ab
674 542 765 607 omni
789 543 1001 608 contentione
1020 543 1144 609 abesse.
1190 559 1248 611 xv.
1267 545 1345 612 Kal.

144 643 252 709 Maias
270 665 313 709 ex
330 643 461 710 itinere'

436 830 488 894 ⁷4.
539 825 588 894 To
603 825 741 895 Atticus
755 829 828 913 (Ad
844 829 919 896 Art.
934 852 969 897 x.
986 829 1050 916 16).

382 979 466 1029 Naar
483 981 595 1038 cunae,
613 979 680 1030 Mar
700 993 738 1045 14,
758 980 790 1046 (t)
808 995 841 1045 49
858 992 914 1032 nc.
934 980 994 1046 (705
1012 981 1107 1043 auc.)

178 1108 198 1144 1.
217 1095 352 1158 Dionysius
363 1095 452 1146 visited
464 1112 504 1146 me
519 1097 587 1161 early
598 1097 624 1146 in
636 1097 679 1147 the
696 1096 812 1162 morning
822 1113 829 1156 ς
846 1097 860 1146 1
870 1113 921 1147 was
937 1097 1004 1163 quite
1016 1097 1136 1164 prepared
1148 1105 1175 1148 to
1185 1096 1280 1163 forgive
1291 1099 1344 1149 him

141 1171 164 1221 it
177 1171 217 1222 his
228 1171 298 1223 sutile
314 1189 414 1224 excuses
424 1173 474 1223 had
485 1181 528 1223 not
540 1176 626 1224 shown
637 1175 691 1225 that
703 1175 733 1224 he
744 1173 818 1223 looks
830 1174 904 1224 down
921 1191 953 1224 ou
970 1191 1011 1225 me
1027 1176 1054 1224 in
1064 1192 1108 1240 my
1119 1182 1217 1242 present
1227 1176 1344 1241 position.
1354 1230 1357 1237 ,

144 1264 165 1297 a.
184 1250 249 1298 Iam
266 1266 323 1300 now
339 1251 433 1315 merely
443 1251 547 1316 waiting
558 1253 595 1301 ior
611 1269 627 1301 a
643 1253 690 1301 fair
700 1252 774 1301 wind.
809 1252 855 1302 Let
872 1269 913 1303 me
928 1253 988 1302 hear
999 1253 1035 1302 all
1046 1269 1159 1302 rnmours
1175 1253 1225 1303 and
1236 1253 1271 1303 all
1282 1270 1345 1317 your

141 1329 324 1395 mticrpationa
359 1343 382 1391 3.
399 1331 465 1380 Cato
483 1331 529 1380 has
545 1323 694 1381 abandoned
705 1329 784 1394 Sicily
795 1331 949 1394 needlessly;
966 1332 978 1380 l
991 1331 1057 1397 hope
1069 1332 1145 1382 Cotta
1162 1349 1221 1396 may
1232 1341 1276 1398 put
1290 1333 1344 1382 him

141 1416 169 1456 to
186 1407 272 1457 shame
288 1409 322 1471 by
337 1407 443 1473 holding
459 1408 582 1458 Sardinia.
622 1424 646 1471 4.
665 1409 678 1458 1
695 1409 758 1458 have
775 1409 884 1458 received
902 1410 974 1459 offers
990 1409 1055 1459 irom
1071 1410 1114 1460 the
1130 1411 1302 1460 commandere
1318 1411 1349 1460 oi

141 1503 157 1535 a
173 1486 249 1535 small
265 1486 333 1536 force
348 1493 376 1535 to
392 1494 437 1551 put
454 1487 568 1552 Pompeii
585 1487 638 1536 into
654 1503 697 1552 my
713 1487 799 1546 hands,
812 1487 857 1536 but
869 1487 882 1536 1
896 1495 993 1552 suspect
1009 1505 1025 1538 a
1042 1504 1120 1538 snare.
1155 1503 1177 1551 5.
1196 1489 1345 1539 Hortensius

140 1564 230 1615 visited
240 1564 356 1614 Terentia
368 1565 442 1615 while
453 1565 526 1614 Iwas
538 1580 617 1629 away,
625 1564 674 1613 and
685 1564 763 1628 spoke
775 1565 805 1613 oi
813 1580 854 1614 me
864 1564 926 1614 with
936 1571 1039 1629 respect.
1074 1565 1195 1631 Antony's
1204 1582 1345 1631 progresses

141 1657 183 1691 are
194 1643 267 1692 made
279 1644 304 1692 in
315 1643 482 1707 disreputable
494 1659 625 1708 company.
660 1642 684 1693 6.
702 1643 768 1691 Now
779 1643 834 1692 that
846 1659 895 1707 you
907 1643 970 1692 have
980 1653 1024 1708 got
1036 1643 1075 1693 rid
1087 1645 1115 1692 of
1123 1646 1165 1695 the
1176 1660 1241 1711 agne
1252 1645 1301 1694 and
1313 1646 1345 1695 its

141 1735 328 1785 consequentes,
338 1736 410 1771 come
421 1729 448 1770 to
460 1737 500 1771 me
511 1721 537 1770 in
549 1721 650 1782 Greeoe,
662 1720 710 1769 and
721 1720 869 1770 meanwhile
880 1721 950 1771 write
961 1721 1136 1786 occasionally.

551 1861 683 1912 CICERO
705 1861 839 1912 ATTICO
862 1862 935 1913 SAL.

112 1976 127 2020 1
187 1951 411 2019 Commodum
426 1956 469 2019 ad
485 1963 520 2019 te
535 1955 692 2019 dederam
708 1954 835 2019 litteras
859 1953 901 2019 de
922 1954 1072 2037 pluribus
1088 1956 1192 2033 rebus,
1209 1976 1284 2021 cum
1300 1958 1343 2021 ad

142 2077 196 2120 me
210 2058 294 2122 bene
310 2079 407 2122 mane
424 2058 607 2141 Dionysius
625 2053 726 2144 [luit],
743 2058 793 2121 cui
803 2058 938 2141 quidem
955 2080 1019 2143 ego
1031 2079 1097 2123 non
1115 2062 1217 2124 modo
1232 2060 1343 2142 placa·

141 2161 242 2225 bilem
259 2183 313 2226 me
328 2162 563 2248 praebuissem,
578 2164 636 2226 sed
660 2171 769 2225 toturn
793 2163 999 2239 remisissem,
1014 2163 1042 2225 si
1065 2164 1262 2241 advenisset,
1277 2184 1371 2247 quar

142 2275 252 2329 mente
275 2275 313 2329 tu
337 2267 380 2331 ad
408 2286 462 2330 me
484 2266 680 2349 scripseras;
703 2274 773 2329 erat
797 2266 884 2330 enim
906 2266 953 2330 sic
976 2266 1009 2328 in
1031 2266 1097 2329 tuis
1117 2265 1244 2344 litteris,
1260 2287 1343 2351 quas

141 2366 261 2452 Arpini
276 2389 479 2453 acceperam,
494 2389 570 2433 eum
585 2378 760 2432 venturum
777 2367 1006 2452 facturumque
1016 2371 1106 2452 quod
1122 2391 1185 2451 ego
1200 2368 1320 2434 vellem
1335 2392 1343 2450 ;

142 2493 205 2556 ego
219 2471 373 2536 volebam
402 2485 514 2537 autem
539 2471 593 2537 vel
620 2472 793 2554 cupiebam
821 2473 932 2555 potius
955 2493 1027 2537 esse
1049 2493 1125 2536 eum
1148 2473 1343 2552 nobiscum;

140 2578 230 2659 quod
247 2577 323 2659 quia
345 2578 452 2661 plane,
467 2598 543 2643 cum
561 2578 593 2639 in
610 2577 823 2640 Formianum
845 2576 998 2653 venisset,
1015 2577 1231 2659 praeciderat,
1247 2597 1342 2660 aspe-

141 2681 207 2744 rius
234 2678 277 2744 ad
304 2682 406 2745 tede
432 2701 472 2745 eo
496 2682 639 2745 scribere
665 2680 823 2745 solebam.
868 2678 919 2742 At
946 2678 1000 2742 ille
1025 2699 1190 2761 perpauca
1211 2680 1343 2744 locutus
1360 2702 1389 2740 10

140 2782 224 2847 hanc
251 2805 415 2848 summam
446 2784 562 2849 habuit
592 2784 760 2858 orationis,
784 2792 822 2847 ut
848 2783 911 2847 sibi
939 2783 1153 2864 ignoscerem,
1179 2804 1215 2847 se
1245 2784 1343 2848 rebus

140 2888 207 2952 suis
228 2888 424 2970 impeditum
447 2888 618 2953 nobiscum
637 2889 684 2952 ire
699 2907 765 2953 non
785 2908 892 2970 posse.
938 2887 1050 2951 Pauca
1069 2887 1231 2970 respondi,
1250 2908 1344 2971 mag-

140 3013 219 3057 num
244 2992 354 3077 accepi
386 2992 544 3071 dolorem,
571 2992 719 3056 intellexi
750 2993 916 3056 fortunam
947 2993 990 3056 ab
1022 3012 1062 3056 eo
1096 3001 1243 3056 nostram
1267 2993 1343 3057 des·

139 3106 272 3181 pectam
299 3118 380 3161 esse.
424 3097 513 3180 Quid
540 3099 696 3180 quaeris?
726 3096 866 3160 sortasse
897 3096 1086 3161 miraberis:
1118 3097 1151 3160 in
1186 3097 1343 3160 maximis

174 3272 196 3308 a.
214 3261 260 3307 Ex
276 3261 387 3319 ttinere,
400 3261 448 3306 ‘on
459 3257 501 3307 the
519 3254 622 3317 march,'
633 3257 649 3306 i.
658 3272 680 3307 e.
691 3263 718 3307 to
797 3255 820 3306 6.
839 3261 909 3307 Erat
920 3260 996 3306 enlm
1007 3260 1058 3318 aio,
1071 3257 1126 3306 ‘sor
1137 3257 1189 3307 itis
1200 3258 1298 3307 written
1315 3274 1344 3308 aa

139 3322 225 3389 Spain.
260 3325 306 3388 Cp.
320 3325 379 3373 lntr.
392 3324 549 3385 to,PartIll,
564 3327 576 3381 5
590 3325 613 3372 8.
763 3323 879 3373 follows)
913 3325 953 3374 On
970 3323 1019 3373 this
1035 3338 1104 3371 sense
1122 3321 1231 3382 ol‘est,'
1242 3339 1281 3388 cp.
1294 3323 1341 3389 Ep.

765 3401 804 3452 37,
830 3402 858 3450 3;
884 3390 935 3438 aud
963 3404 996 3438 on
1023 3388 1066 3437 the
1093 3394 1169 3449 tense,
1195 3389 1243 3453 Ep.
1270 3402 1292 3450 1,
1319 3402 1341 3452 1,

172 3455 213 3505 On
230 3455 274 3505 the
290 3455 355 3516 date,
368 3455 430 3519 May
449 3467 487 3517 14,
500 3470 539 3518 cp.
553 3454 595 3503 Ad
612 3455 719 3505 Atr.1o.
764 3463 830 3504 note.

142 3531 180 3585 17,
197 3534 218 3571 1.
797 3535 820 3584 9.
838 3522 909 3568 oum
926 3555 933 3569 .
951 3556 958 3569 .
975 3522 1108 3568 venisset.
1142 3518 1205 3568 This
1222 3535 1273 3569 was
1290 3518 1341 3569 late

173 3601 197 3648 3.
215 3589 407 3646 commodum,
431 3583 627 3649 ‘opportunely’
671 3586 719 3650 Cp.
763 3585 788 3634 in
801 3586 932 3647 February.
966 3585 1014 3649 Cp.
1024 3583 1066 3632 Ad
1078 3585 1129 3633 Att.
1143 3586 1166 3633 8.
1179 3598 1201 3646 5,
1215 3598 1235 3632 1.

140 3653 181 3702 Ad
199 3654 251 3702 Art.
267 3665 304 3713 ¹3·
315 3667 338 3715 9,
356 3664 367 3698 1
383 3651 557 3700 ‘commodum
574 3652 721 3701 discesseras
797 3652 984 3707 Praecidsrat,
1002 3649 1066 3698 ‘had
1083 3648 1194 3699 refused!
1235 3649 1282 3714 Cp.
1300 3650 1342 3698 Ad

139 3715 208 3766 heri!
764 3715 817 3764 Att.
827 3716 850 3763 8.
860 3730 883 3777 4,
896 3729 908 3763 a
919 3717 1069 3777 ‘numquam
1080 3730 1123 3763 reo
1134 3715 1248 3778 cuiqnam
1259 3722 1342 3764 ..tam

172 3785 219 3830 Ad
241 3797 293 3830 me.
337 3780 362 3829 Ii
383 3779 460 3830 ‘fuit'
479 3782 500 3831 is
522 3782 636 3845 genuine,
656 3778 718 3828 ‘ad‘
763 3781 872 3843 praecise
888 3779 978 3844 negavi
995 3795 1070 3844 quam
1087 3781 1126 3829 hic
1143 3781 1205 3829 mihi
1222 3780 1296 3845 plane
1313 3815 1342 3828 ..

139 3855 206 3897 must
218 3848 249 3896 be
260 3847 399 3911 equivalent
411 3855 438 3896 to
451 3846 549 3960 ‘apud'
562 3863 577 3896 a
589 3862 658 3896 sense
673 3853 719 3895 not
764 3843 900 3910 praecidit.¹

139 3929 297 3964 uncommon.
334 3913 380 3977 Cp.
394 3913 500 3961 Forcel.
799 3924 836 3958 11.
861 3914 943 3961 Hanc
971 3926 1108 3960 summam
1130 3945 1137 3957 .
1161 3947 1167 3958 .
1196 3913 1341 3971 orauonn,

172 3997 195 4043 4
213 3975 567 4040 Benemsne,⁴veryearly.'
592 3974 714 4025 ‘Bene’=
764 3975 981 4041 ‘madeaspeech
992 3976 1021 4025 oi
1030 3976 1079 4024 this
1090 3973 1237 4024 substance!

139 4041 245 4094 ‘valde'
278 4044 326 4107 Cp.
345 4044 374 4092 ln
391 4045 461 4092 Verr.
481 4057 493 4091 a
512 4044 569 4094 Act
583 4057 605 4091 a.
618 4054 657 4106 70,
672 4040 719 4107 169
796 4046 836 4091 Ut
843 4045 899 4090 sibi
910 4045 1100 4100 ignoscerem:
1113 4057 1152 4106 cp.
1162 4056 1195 4088 on
1203 4040 1245 4089 the
1255 4040 1340 4100 mood,

141 4110 218 4160 ‘bene
229 4107 342 4174 penitus.‘
763 4107 849 4158 Madv.
862 4118 908 4169 372
922 4105 1008 4157 awith
1021 4116 1078 4170 374.

173 4190 195 4238 5.
215 4179 317 4224 Totum
334 4178 512 4235 remisissem,
532 4172 638 4222 ‘should
655 4174 718 4224 have
797 4187 834 4221 12.
853 4176 1011 4223 Nobiscum
1019 4175 1070 4233 irs,
1080 4179 1123 4221 ‘to
1135 4185 1289 4234 accompany
1300 4185 1340 4219 me

138 4240 250 4305 forgiven
266 4240 319 4288 him
335 4239 386 4290 all?
421 4238 650 4289 ‘Totum'isused
661 4241 718 4290 thus
762 4237 909 4288 toGreece.’

139 4305 278 4369 absolutely
289 4306 331 4354 Ad
343 4308 375 4369 Q.
388 4305 416 4354 F.
430 4321 452 4368 3.
466 4321 488 4365 r,
505 4320 514 4354 1
531 4309 627 4354 ‘totum
644 4306 669 4354 in
686 4322 717 4355 eo
796 4319 833 4366 13.
846 4308 1001 4353 ll'ortunam
1010 4339 1016 4351 .
1026 4317 1107 4364 ‚essa
1116 4301 1184 4351 ‘that
1192 4301 1224 4351 he
1234 4299 1343 4365 slighted

136 4381 174 4422 est
185 4409 192 4423 .
206 4408 212 4421 .
223 4372 353 4421 tectorium
365 4379 392 4421 ut
402 4373 550 4421 concinnum
562 4370 611 4422 sit!
761 4386 801 4419 me
813 4385 846 4418 on
858 4376 963 4419 account
974 4370 1004 4419 os
1011 4385 1053 4433 my
1064 4366 1190 4432 position!

173 4441 237 4493 Qus
247 4444 342 4487 mente
356 4440 428 4488 =‘ea
439 4446 521 4488 mente
533 4436 595 4502 qua.¹
630 4435 717 4487 Madv.
798 4431 1341 4498 14.1'ortassemirsberts,sc.¹idqnod

138 4503 316 4568 321and319.
762 4502 872 4551 dicturus
883 4498 953 4550 sum’

697 4598 788 4649 ΕΗ
