3052 5026
117 366 272 458 np‚139.]
451 371 517 430 Al)
538 370 837 434 FAMILIARES
857 373 902 435 X.
928 390 979 435 11·
1251 386 1315 457 595

118 541 199 604 mihi
215 544 414 625 respondere
429 563 535 627 posse,
546 542 608 606 nisi
623 544 716 620 forte,
726 554 763 608 ut
778 554 814 607 tu
830 544 1023 627 gravissime
1037 544 1316 629 disertissimeque

118 647 284 729 scripsisti,
300 647 346 711 ita
361 668 515 710 sensurus
538 668 582 724 es,
598 656 634 710 ut
656 669 710 711 me
729 648 847 711 referre
869 649 1014 729 gratiam
1029 659 1135 732 putes,
1150 670 1225 713 cum
1248 670 1314 713 me-

119 752 222 814 moria
241 753 372 815 tenebo.
418 750 455 815 Si
482 754 524 816 de
548 751 605 814 filii
626 752 674 815 tui
694 753 858 833 dignitate
881 763 970 816 esset
995 766 1117 827 actum,
1141 754 1316 818 amabilius

117 866 205 918 certe
221 854 302 918 nihil
317 856 423 920 facere
441 857 612 938 potuisses
658 855 787 919 Primae
798 867 876 920 tuae
891 857 1074 921 sententiae
1089 858 1224 921 infinitis
1239 879 1315 922 cum

118 960 317 1038 muneribus,
327 960 524 1042 posteriores
533 960 577 1023 ad
587 968 719 1042 tempus
729 960 965 1043 arbitriumque
973 961 1154 1025 amicorum
1167 983 1315 1025 meorum
1329 989 1343 1037 5

117 1063 331 1146 compositae,
343 1064 449 1127 oratio
460 1064 600 1127 adsidua
610 1075 643 1127 et
654 1073 815 1146 perpetua
825 1064 868 1128 de
880 1084 942 1138 me,
954 1065 1058 1147 iurgia
1067 1085 1142 1131 cum
1152 1067 1316 1131 obtrecta-

117 1168 243 1231 toribus
254 1179 388 1251 propter
401 1189 454 1231 me
462 1167 631 1231 notissima
643 1168 723 1230 mihi
739 1177 832 1245 sunt;
856 1188 922 1231 non
939 1169 1114 1232 mediocris
1125 1169 1315 1234 adhibenda

118 1271 198 1334 mihi
222 1283 273 1336 est
295 1293 382 1349 cura,
399 1281 435 1334 ut
458 1273 504 1334 rei
527 1272 681 1353 publicae
704 1292 759 1335 me
781 1271 886 1335 civem
910 1272 1047 1355 dignum
1070 1273 1136 1337 tuis
1162 1273 1315 1338 laudibus

117 1385 292 1457 praestem,
314 1378 347 1439 in
367 1376 512 1440 amicitia
534 1376 583 1439 tui
607 1396 786 1440 memorem
810 1386 910 1458 atque
932 1388 1073 1458 gratum.
1119 1376 1219 1460 Quod
1242 1377 1315 1441 reli·

116 1500 219 1561 quum
243 1491 301 1555 est,
318 1491 414 1544 tuum
436 1500 555 1543 munus
575 1490 669 1544 tuere
689 1490 723 1543 et
744 1500 806 1556 me,
822 1481 858 1554 si,
874 1500 974 1562 quem
990 1502 1063 1546 esse
1079 1481 1222 1557 voluisti,
1238 1503 1314 1545 eum
1331 1505 1362 1542 ro
1447 1467 1453 1479 ’

87 1593 104 1638 2
118 1584 211 1646 exitu
236 1585 398 1666 rebusque
413 1583 593 1666 cognoscis,
613 1582 753 1646 defende
768 1603 808 1647 ac
822 1584 960 1666 suscipe
1007 1584 1091 1649 Cum
1112 1585 1314 1650 Rhodanum

117 1687 229 1770 copias
244 1688 443 1750 traiecissem
459 1686 660 1768 fratremque
675 1707 750 1750 cum
772 1687 878 1751 tribus
899 1687 1032 1751 milibus
1054 1690 1203 1771 equitum
1220 1710 1315 1772 prae·
1358 1678 1367 1689 ’

118 1792 289 1868 misissem,
304 1792 375 1874 ipse
399 1791 461 1854 iter
483 1791 526 1853 ad
548 1790 715 1853 Mutinam
739 1792 923 1873 dirigerem,
938 1792 971 1854 in
992 1792 1108 1856 itinere
1129 1794 1171 1856 de
1189 1793 1316 1874 proelio

116 1895 205 1959 sacto
218 1895 387 1977 Brutoque
402 1904 436 1959 et
453 1894 583 1958 Mutina
598 1894 770 1958 obsidione
785 1894 929 1958 liberatis
944 1896 1074 1959 andivi:
1097 1897 1315 1960 animadverti

117 1998 244 2061 nullum
271 1999 373 2062 alium
400 2008 568 2082 receptum
595 1998 782 2062 Antonium
810 1998 1038 2082 reliquiasque,
1064 2019 1249 2081 quaecum
1274 2022 1360 2080 eor5

117 2112 235 2180 essent,
250 2102 372 2166 habere
392 2103 454 2166 nisi
474 2104 508 2165 in
529 2101 582 2165 his
604 2101 764 2185 partibus,
780 2103 928 2185 duasque
948 2103 977 2166 ei
1001 2123 1076 2186 spes
1100 2123 1172 2168 esse
1195 2125 1315 2188 propo-

117 2207 207 2281 sitas,
219 2227 317 2270 unam
335 2207 454 2290 Lepidi
464 2207 575 2289 ipsius,
588 2206 727 2271 alteram
740 2206 914 2270 exercitus.
958 2207 1057 2290 Quod
1067 2208 1231 2290 quaedam
1241 2229 1317 2290 pars

118 2313 282 2374 exercitus
301 2331 365 2373 non
383 2311 491 2374 minus
506 2309 629 2373 furiosa
644 2321 694 2374 est
710 2331 811 2393 quam
831 2311 887 2393 qui
909 2330 983 2374 cum
1004 2310 1156 2374 Antonio
1175 2310 1316 2389 suerunt,

117 2415 301 2498 equitatum
318 2415 471 2479 revocavi
486 2436 493 2493 ;
515 2415 584 2497 ipse
599 2415 632 2477 in
648 2413 889 2496 Allobrogibus
904 2415 1047 2489 constiti,
1063 2424 1101 2478 ut
1115 2416 1255 2498 proinde
1271 2417 1315 2480 ad

152 2707 173 2742 1,
191 2695 380 2750 Respondete.
414 2693 462 2758 Cp.
475 2694 521 2758 Ep.
534 2708 557 2756 3,
572 2708 594 2752 a,
605 2702 671 2744 note.
776 2707 813 2743 rr.
830 2696 921 2743 Exitu
942 2697 1090 2756 rebusque,
1112 2695 1153 2744 ‘in
1173 2694 1217 2745 the
1232 2695 1315 2744 actual

152 2762 347 2815 ascripsisti.
381 2759 443 2808 lna
464 2760 536 2809 letter
555 2776 611 2808 now
631 2760 689 2820 lost,
742 2758 827 2810 erent'

117 2826 270 2889 apparently.
305 2826 353 2873 But
373 2825 450 2874 Andr.
469 2825 554 2874 thinks
572 2826 626 2874 that
648 2825 690 2875 the
775 2822 1026 2882 suseipea‘tneress
1040 2824 1175 2874 ‘deiende’

116 2891 238 2939 reference
258 2892 320 2939 need
340 2899 383 2939 not
406 2892 436 2940 be
458 2899 486 2940 to
505 2907 520 2939 a
542 2892 623 2951 letter,
640 2891 690 2940 and
773 2894 950 2940 Rhodanum
1000 2890 1106 2939 Plancus
1140 2890 1237 2940 crossed
1273 2891 1315 2941 the

116 2965 229 3019 suggests
245 2956 299 3004 that
321 2956 428 3004 Plancus
443 2956 492 3005 had
516 2957 542 3005 in
564 2957 603 3005 his
620 2956 689 3005 mind
741 2957 836 3010 Rhone.
851 2956 975 3020 probably
985 2957 1133 3005 somewhere
1148 2973 1207 3006 near
1218 2956 1315 3006 Vienna

116 3021 165 3069 Pro
176 3021 259 3070 Plane
271 3022 309 3069 28.
318 3020 359 3082 68,
366 3021 447 3074 where
455 3039 471 3070 a
483 3021 577 3070 similar
584 3021 690 3086 thought
741 3022 871 3083 (Vienne),
883 3037 916 3070 on
927 3021 952 3069 A
970 3022 1001 3069 ril
1015 3020 1053 3076 26.
1064 3021 1113 3069 and
1122 3037 1174 3071 was
1184 3022 1316 3086 preparing

116 3103 209 3136 occurs.
740 3095 768 3136 to
781 3087 867 3136 march
881 3089 934 3136 into
952 3037 1017 3148 iialy
1028 3087 1061 3149 by
1071 3087 1114 3136 the
1130 3087 1231 3136 Cottian
1248 3087 1314 3151 Alps

150 3156 220 3201 Cum
239 3188 244 3198 .
262 3188 268 3200 .
288 3155 401 3212 tenebo,
420 3153 471 3215 ‘by
487 3153 594 3217 keeping
610 3153 635 3201 in
653 3168 690 3201 re·
740 3150 1313 3202 -Montcentvre-whenheheerdofthere

117 3216 289 3266 membranae!
323 3215 417 3266 ‘Cum’
432 3240 454 3258 ι
468 3217 566 3283 ‘quod,’
581 3235 620 3282 cp.
641 3219 689 3282 Ep.
740 3217 818 3267 lieiol
826 3217 929 3267 Mutina.
949 3215 1154 3266 'lheuhecnoam
1210 3218 1315 3267 nearthe

118 3296 157 3343 13,
169 3282 195 3343 6,
206 3292 272 3337 note.
283 3282 332 3331 and
345 3283 449 3333 Forcell
741 3284 810 3332 Isara
819 3281 918 3346 (isere),
929 3282 1010 3331 which
1019 3283 1050 3332 he
1059 3283 1131 3346 bridg
1171 3298 1204 3331 on
1214 3284 1275 3345 May
1286 3296 1312 3331 11

148 3363 172 3410 4.
190 3351 301 3397 Primae
329 3355 394 3398 tuae
430 3352 595 3408 sententiae,
625 3348 690 3410 soll,
744 3363 821 3398 0111.
848 3348 895 3412 Cp.
906 3348 952 3412 Ep.
963 3361 1016 3410 140.
1029 3362 1060 3409 33
1077 3349 1119 3396 Ad
1130 3349 1199 3396 Fam.
1210 3362 1248 3398 10.
1258 3362 1281 3412 9,
1291 3361 1314 3409 3.

118 3419 193 3477 ‘your
207 3413 258 3462 first
276 3415 429 3477 expressions
447 3414 476 3463 oi
491 3415 593 3479 opinion
611 3415 636 3463 in
648 3415 691 3464 the
775 3427 813 3461 12.
831 3416 1024 3473 umoremque,
1053 3414 1069 3462 i.
1077 3429 1098 3462 e.
1116 3413 1162 3463 Cn.
1186 3413 1316 3462 Munatius

115 3489 197 3528 senate
207 3480 329 3543 proposed
337 3478 691 3530 unlimiredhonourslorme!
742 3479 856 3529 Plancus
889 3480 938 3543 Cp.
951 3479 997 3542 Ep.
1013 3491 1066 3539 130,
1081 3491 1102 3528 1.

115 3545 163 3609 Cp.
187 3545 227 3592 Ad
251 3547 321 3594 Fam.
346 3558 385 3594 10.
410 3559 448 3606 12,
472 3559 494 3606 3.
528 3545 584 3595 The
607 3546 690 3594 words
775 3545 1072 3601 16.1nhispertibus.
1091 3543 1316 3594 Wesenbhas‘in

116 3608 492 3675 ‘primae'and·poste1iores’
509 3610 615 3676 perhaps
630 3611 691 3660 refer
741 3611 786 3660 has
803 3608 900 3674 partea'
934 3610 1011 3657 Andr.
1024 3609 1108 3658 thinks
1122 3609 1177 3658 that
1191 3609 1234 3658 the
1245 3610 1316 3658 abla-

115 3676 276 3739 respectively
287 3684 314 3724 to
326 3677 368 3725 the
382 3684 433 3725 two
443 3677 505 3739 days
520 3677 549 3725 oi
561 3678 649 3726 debete
665 3677 690 3725 in
740 3678 790 3725 tive
810 3691 868 3738 may
890 3674 971 3734 stand,
988 3690 1015 3723 as
1032 3673 1188 3739 ‘reoeptnm’
1205 3675 1231 3724 in
1248 3674 1266 3723 l.
1286 3687 1315 3738 15

116 3740 158 3788 the
180 3750 262 3789 senate
285 3742 424 3790 mentioned
443 3742 467 3790 in
489 3741 597 3792 Cioero’s
619 3742 691 3791 letter
741 3757 800 3804 may
811 3744 924 3789 mean‘a
937 3740 1077 3804 possibility
1088 3741 1117 3788 ot
1125 3738 1230 3789 teneat!

116 3807 157 3855 Ad
170 3807 239 3854 Fam.
255 3820 292 3855 10.
307 3806 433 3868 12,3and
444 3823 467 3868 4.
775 3816 813 3869 17.
831 3809 981 3855 mannitus
1001 3806 1060 3866 eius,
1081 3806 1226 3870 solaepid'n
1260 3805 1316 3855 The

149 3886 172 3934 5.
189 3875 236 3922 Ad
253 3879 363 3929 tempus
380 3908 405 3920 ..
421 3887 556 3933 meorum,
574 3872 690 3922 ‘accord
740 3871 968 3937 genisobjective.
1002 3870 1050 3934 Cp.
1064 3871 1111 3934 Ep.
1125 3870 1163 3932 16,
1175 3886 1198 3934 3,
1210 3877 1276 3920 note.

115 3938 159 4000 ing
182 3945 208 3984 to
231 3937 273 3986 the
298 3937 417 3986 demands
442 3938 472 3986 of
492 3938 534 3987 the
557 3939 618 3986 time
641 3938 691 3987 and
775 3939 920 3993 Quaedam
930 3952 995 3993 pars
1011 3940 1159 3995 exereitus,
1175 3941 1207 3985 ‘a
1223 3938 1314 3986 oenain

115 4002 159 4052 the
175 4003 226 4051 will
245 4003 273 4051 os
290 4019 332 4066 my
350 4001 457 4053 friends'
498 4004 602 4053 Forcell.
622 4004 691 4068 gives
740 4002 838 4068 partos
845 4002 886 4051 the
897 4017 967 4064 army
978 4001 1007 4050 ol
1016 4000 1139 4065 Lepidus!

117 4073 148 4117 ‘e
170 4084 196 4116 re
217 4067 291 4117 nata’
312 4084 340 4117 ns
362 4084 409 4118 one
431 4069 572 4133 equivalent
595 4069 624 4118 oi
644 4069 691 4117 ‘ad
778 4070 813 4117 18.
832 4071 968 4116 Fuerunt.
1002 4067 1057 4115 The
1068 4066 1159 4130 perfect
1175 4067 1198 4115 is
1212 4067 1272 4116 used
1287 4082 1315 4114 as

117 4131 230 4197 tempus?
741 4133 863 4197 implying
877 4132 931 4180 that
944 4134 1043 4195 Antony
1054 4132 1104 4180 had
1121 4132 1171 4181 lost
1187 4132 1227 4181 his
1236 4148 1314 4194 army.

148 4198 691 4263 6.1urgiaoumobtreotatoribus,espe·
742 4199 819 4248 Andr.
861 4198 962 4252 Boclrel,
985 4198 1105 4256 however,
1129 4197 1190 4246 does
1211 4206 1257 4246 not
1279 4213 1316 4245 re·

116 4264 191 4327 cially
203 4265 263 4313 with
284 4265 310 4313 P.
331 4265 456 4315 Servilius.
491 4265 538 4329 Cp.
558 4265 600 4313 nd
619 4265 690 4313 Farn.
741 4265 843 4328 cognize
857 4264 907 4311 this
924 4263 990 4311 force
1001 4263 1030 4311 of
1042 4262 1085 4311 the
1101 4270 1176 4322 tense,
1189 4278 1236 4326 any
1248 4277 1316 4312 more

118 4342 156 4378 10.
172 4343 209 4387 11,
223 4344 237 4390 3
250 4331 298 4378 and
310 4346 334 4393 4.
740 4331 800 4379 than
812 4330 836 4377 in
851 4326 1035 4393 ‘praesnenmt,‘
1048 4329 1094 4392 Ep.
1109 4341 1164 4388 131,
1177 4341 1199 4389 3.

152 4408 189 4444 10.
208 4399 300 4443 'l‘uum
317 4410 429 4444 munus.
463 4394 639 4458 Either‘your
656 4395 691 4444 ia·
776 4408 813 4459 19.
831 4397 1046 4451 Proinde..so‚
1059 4394 1123 4457 ‘just
1133 4391 1177 4442 ns?
1207 4393 1255 4457 Cp.
1267 4392 1315 4456 Ep.

116 4459 227 4518 1·0urite,'
246 4461 327 4521 utel,
349 4478 377 4510 or
395 4469 471 4525 ‘quas
490 4463 514 4509 in
534 4477 575 4510 me
598 4461 690 4511 tuendo
744 4474 799 4522 114,
819 4474 840 4520 2,
858 4466 934 4516 note;
956 4459 1006 4507 and
1022 4459 1143 4523 ‘proinde
1159 4457 1247 4523 qnasi'
1267 4458 1317 4507 Pro

115 4535 188 4592 atque
199 4527 310 4576 ornando
321 4536 402 4592 partes
413 4526 557 4591 susoepist'n’
742 4527 845 4590 Quinet.
858 4538 896 4587 14,
908 4539 948 4588 45.

1222 4688 1348 4720 A
