3030 5542
173 841 216 900 40
513 822 563 882 M.
579 819 752 885 ,TULLII
774 818 1031 883 CICERONIS
1242 813 1340 905 [naar
1354 836 1378 884 r.

175 991 268 1056 Haec
289 991 317 1055 si
337 1001 374 1054 tu
394 989 568 1054 Metellum
589 989 736 1074 cogitare
754 989 798 1053 de
821 1009 875 1052 me
897 988 1037 1066 nescisti,
1055 989 1158 1053 debes
1180 987 1410 1053 existimaret>

173 1107 208 1159 te
231 1096 386 1159 maximis
409 1098 452 1159 de
474 1094 570 1158 rebus
592 1114 612 1156 a
633 1094 732 1156 fratre
754 1113 825 1157 esse
847 1092 1013 1170 celatum;
1038 1093 1089 1155 sin
1111 1101 1223 1156 autern
1245 1093 1377 1174 aliquid

175 1200 353 1282 impertivit
374 1198 435 1262 tibi
455 1198 505 1263 sui
525 1197 660 1274 consilii,
676 1196 757 1260 lenis
779 1218 799 1260 a
822 1205 856 1261 te
874 1206 908 1262 et
928 1196 1030 1261 facilis
1052 1197 1235 1260 existimari
1257 1197 1378 1273 debeo,

175 1306 230 1387 qui
251 1304 330 1366 nihil
351 1313 461 1367 tecum
481 1304 524 1366 de
544 1302 595 1365 his
612 1301 691 1385 ipsis
712 1302 809 1365 rebus
828 1299 1048 1383 expostulem.
1094 1301 1150 1375 Et,
1166 1301 1193 1364 si
1213 1300 1379 1384 intellegis

146 1427 241 1485 ‚anon
263 1428 316 1471 me
339 1408 427 1471 dicto
451 1405 587 1483 Metelli,
607 1416 644 1470 ut
666 1405 790 1478 scribis,
809 1405 866 1468 sed
891 1403 1025 1468 consilio
1048 1404 1118 1468 eius
1140 1405 1321 1487 animoque
1343 1407 1378 1468 in

177 1532 229 1575 me
251 1511 477 1574 inimicissimo
499 1529 572 1574 esse
603 1519 817 1582 commotum,
840 1527 1002 1590 cognosce
1025 1528 1111 1572 nunc
1134 1508 1378 1573 humanitatem
1455 1561 1457 1565 .

178 1634 296 1693 meam,
319 1615 346 1679 si
372 1614 561 1677 humanitas
586 1611 786 1695 appellanda
811 1621 862 1676 est
888 1613 920 1674 in
948 1610 1158 1676 acerbissima
1184 1612 1300 1676 iniuria
1327 1635 1378 1678 re·

107 1725 111 1745 ²
177 1720 288 1783 missio
311 1719 411 1782 animi
433 1739 473 1783 ac
496 1717 689 1782 dissolutio:
713 1717 802 1781 nulla
827 1727 877 1780 est
901 1738 921 1780 a
949 1737 1002 1780 me
1026 1736 1183 1799 umquam
1211 1718 1378 1781 sententia

176 1824 267 1888 dicta
300 1823 333 1885 in
363 1821 496 1885 fratrem
526 1832 646 1898 tuum;
683 1821 979 1903 quotienscumque
1016 1819 1141 1903 aliquid
1175 1831 1225 1885 est
1255 1833 1377 1900 actum,

131 1928 294 1992 rosedens
317 1927 355 1990 iis
377 1925 515 2001 adsensi,
538 1925 595 2006 qui
619 1923 699 1987 mihi
723 1924 889 1987 lenissime
920 1925 1040 1988 sentire
1070 1925 1131 1988 visi
1162 1935 1247 1989 sunt
1301 1924 1377 1989 Ad·

175 2034 253 2095 dam
281 2029 362 2093 illud
386 2030 495 2104 etiam,
519 2028 609 2109 quod
633 2028 698 2090 iam
724 2047 787 2110 ego
818 2048 931 2091 curare
962 2048 1027 2091 non
1050 2029 1160 2106 debui,
1182 2030 1240 2093 sed
1264 2039 1377 2093 tamen

176 2135 244 2199 fieri
268 2153 333 2197 non
357 2133 496 2195 moleste
518 2130 579 2196 tuli
602 2141 702 2213 atque
726 2132 836 2207 etiam,
855 2143 891 2196 ut
915 2132 962 2196 ita
981 2131 1081 2209 fieret,
1101 2152 1161 2215 pro
1185 2154 1258 2197 mea
1281 2144 1377 2216 parte

175 2239 295 2314 adiuvi,
319 2247 355 2301 ut
376 2236 481 2300 senati
504 2233 655 2299 consulto
678 2255 771 2299 meus
794 2235 954 2309 inimicus,
972 2236 1051 2318 quia
1072 2245 1149 2299 tuus
1173 2235 1273 2301 irater
1295 2247 1376 2317 erat,
1389 2252 1424 2298 10

176 2342 411 2406 sublevaretur.
464 2338 601 2421 Quare
627 2359 693 2402 non
724 2359 787 2421 ego
816 2341 1005 2423 oppugnavi
1030 2338 1165 2404 fratrem
1187 2351 1293 2416 tuum,
1316 2343 1376 2406 sed

133 2471 160 2519 15
177 2445 268 2509 lratri
294 2455 354 2507 tuo
384 2443 572 2526 repugnavi,
596 2461 656 2506 nec
688 2443 720 2506 in
751 2453 794 2520 te,
817 2453 855 2508 ut
886 2444 1010 2520 scribis,
1033 2444 1145 2508 animo
1172 2445 1218 2507 sui
1251 2445 1376 2523 mobili,

178 2551 236 2613 sed
260 2549 305 2611 ita
327 2548 447 2622 stabili,
472 2557 508 2609 ut
531 2547 563 2609 in
590 2567 663 2609 mea
686 2567 764 2630 erga
786 2557 820 2611 te
841 2547 1013 2610 voluntate
1035 2548 1135 2610 etiam
1159 2549 1309 2613 desertus
1332 2551 1376 2615 ab

178 2652 294 2717 officiis
319 2651 385 2715 tuis
408 2671 644 2733 permanerem.
689 2650 804 2733 Atque
827 2650 891 2714 hoc
915 2651 988 2735 ipso
1011 2660 1162 2735 tempore
1185 2653 1246 2716 tibi
1270 2674 1376 2736 paene

210 2818 233 2852 a.
251 2805 386 2861 (letatum,
401 2801 477 2865 ‘kept
494 2801 519 2849 in
536 2801 579 2849 the
595 2798 673 2849 dark.'
702 2800 750 2864 Cp.
801 2800 834 2849 he
844 2799 893 2848 had
907 2799 1034 2859 incurred;
1051 2799 1155 2864 though,
1168 2801 1231 2850 alter
1242 2801 1310 2852 what
1325 2802 1377 2852 had

178 2867 288 2932 Philipp.
300 2882 321 2916 a.
338 2880 374 2927 13,
386 2880 415 2927 3²
428 2882 434 2923 ς
452 2866 537 2914 Madv.
552 2867 598 2915 228
610 2882 633 2915 a.
801 2865 891 2931 passed
904 2866 985 2926 tiam),
999 2867 1011 2914 I
1023 2866 1073 2914 had
1085 2882 1118 2915 no
1133 2882 1221 2915 reason
1237 2875 1265 2916 to
1278 2868 1377 2918 trouble

196 2937 319 3048 f⁵l1N⁰n
336 2947 381 3046 pie
398 2936 484 3045 ‹iietq3
498 2996 507 3044 l
523 2932 563 2980 On
581 2932 624 2980 the
641 2932 751 2997 position
802 2931 893 3045 myselti
901 2932 978 2980 about
990 2928 1025 2980 ia’
1057 2930 1376 2995 On·tltud’seeabove,t

179 3016 194 3049 o
220 3009 338 3061 tenega
349 3013 396 3055 ive,
412 3012 452 3046 see
485 3003 750 3060 eow,‘nonegoo-
802 3011 904 3058 3,noe.

178 3064 287 3130 pugnavi
299 3067 398 3113 tratrem
410 3060 495 3112 tuum‘
510 3067 522 3121 t
539 3077 575 3113 ιο,
723 3014 739 3062 p
838 3076 874 3124 13.
893 3066 933 3111 Ut
944 3066 1035 3111 senati
1045 3065 1175 3112 consulto
1185 3098 1191 3110 .
1200 3099 1206 3112 .
1215 3066 1376 3115 sublavare-

211 3143 233 3195 7.
252 3133 391 3178 Remissio
421 3132 509 3177 animi
534 3143 566 3178 eo
593 3131 750 3187 dissolutio,
802 3135 857 3176 tur.
891 3129 946 3176 The
969 3130 1136 3178 construction
1158 3144 1236 3177 seems
1256 3130 1377 3194 irregular

177 3196 351 3246 ‘carelessness
362 3192 595 3244 andinditierenoe!
618 3194 690 3243 With
701 3195 752 3243 this
802 3194 867 3253 here,
875 3193 970 3258 though
982 3193 1065 3257 Siiplle
1077 3209 1135 3257 says
1146 3194 1201 3242 that
1216 3195 1284 3244 these
1295 3198 1378 3246 words
1412 3194 1416 3200 ’

178 3262 294 3323 meaning
305 3261 333 3309 ol
342 3271 348 3287 ⁶
356 3259 501 3309 dissolutio'
514 3276 552 3325 cp.
567 3261 605 3307 De
617 3259 665 3309 oft.
680 3273 700 3308 ι.
713 3262 750 3318 28,
802 3259 900 3324 depend
909 3275 976 3323 upon
990 3260 1054 3309 ‘fieri
1064 3275 1112 3307 uon
1122 3259 1225 3308 moleste
1234 3260 1298 3310 tuli.'
1321 3262 1377 3312 The

179 3343 218 3392 99,
232 3326 377 3390 ‘neglegere
391 3326 450 3389 quid
465 3326 497 3374 de
510 3341 535 3374 se
547 3326 649 3389 quisquc
661 3325 752 3374 sentiat
803 3336 916 3373 sentence
933 3341 1011 3374 seems
1027 3332 1054 3374 to
1072 3324 1102 3373 be
1118 3326 1230 3374 resumed
1247 3327 1272 3374 in
1289 3343 1304 3374 a
1320 3342 1378 3377 new

180 3409 228 3441 non
247 3392 329 3440 solum
346 3391 482 3454 arrogantis
497 3399 534 3440 est
550 3391 592 3439 sed
607 3391 683 3439 etiam
699 3407 751 3438 om·
803 3391 867 3439 form
877 3390 939 3440 alter
948 3390 989 3439 the
999 3390 1151 3454 parenthetic
1160 3390 1242 3440 clause
1256 3395 1318 3440 ‘non
1331 3429 1337 3442 .
1351 3429 1375 3442 ..

179 3460 238 3506 nino
249 3453 380 3505 dissoluti!
804 3456 896 3515 debui,’
923 3456 971 3504 and
1000 3457 1057 3504 then
1086 3471 1101 3504 a
1129 3455 1195 3504 fresh
1217 3458 1377 3508 subordinate

213 3525 235 3572 8.
257 3525 345 3570 Nulla
369 3527 413 3569 est
430 3557 436 3568 .
454 3556 460 3568 .
480 3556 487 3569 .
505 3524 646 3569 sententia
668 3525 752 3570 diota.
804 3520 893 3580 clause,
911 3520 1168 3585 ‘atque...adiuvi,'
1184 3523 1205 3570 is
1222 3522 1376 3574 introduced.

179 3589 275 3645 Cicero,
288 3586 473 3643 asaconsular,
487 3585 702 3634 wouldbeasked
714 3586 753 3634 his
804 3587 868 3635 Prot.
892 3587 988 3650 Tyr-rell
1012 3587 1097 3635 makes
1119 3587 1160 3635 the
1183 3587 1241 3636 final
1264 3597 1377 3639 sentence

180 3653 282 3718 opinion
295 3650 457 3714 individually
472 3651 503 3714 by
511 3651 553 3699 the
564 3652 690 3716 presiding
701 3651 752 3699 offi-
803 3652 899 3715 depend
917 3667 949 3701 on
968 3650 1083 3701 ‘curare'
1118 3653 1172 3701 One
1190 3653 1273 3701 would
1289 3662 1377 3718 expect

180 3736 221 3769 cer
234 3719 259 3766 in
275 3717 317 3766 the
333 3715 436 3765 senate's
451 3717 560 3764 debates.
594 3717 657 3765 'l'his
669 3716 753 3765 would
803 3726 830 3766 to
848 3716 898 3764 find
915 3719 954 3780 (1)
973 3723 1033 3766 ‘me
1050 3716 1148 3766 tulisse·
1166 3719 1215 3766 and
1235 3725 1289 3768 ‘me
1306 3721 1376 3783 adju·

180 3786 236 3849 give
248 3785 300 3832 him
312 3798 344 3831 an
354 3783 517 3847 opportunity
524 3781 602 3830 either
611 3782 640 3830 ol
648 3784 754 3846 arguing
804 3780 884 3842 visse,'
893 3799 921 3831 or
928 3783 968 3845 (2)
979 3786 984 3808 ‘
994 3798 1075 3831 meum
1083 3784 1211 3832 inimicum
1220 3784 1377 3834 sublevatum

180 3859 207 3898 at
218 3848 302 3912 length
319 3850 344 3895 in
358 3849 446 3896 luvour
457 3849 484 3896 ol
497 3863 566 3896 some
582 3848 700 3911 proposal
717 3847 752 3895 al·
803 3848 871 3907 esse,’
886 3864 914 3897 or
928 3848 965 3912 (3)
982 3849 1062 3912 ‘quod
1080 3864 1148 3898 meus
1165 3850 1281 3899 inimicus
1296 3851 1376 3901 suble·

181 3917 256 3979 ready
268 3915 351 3963 before
362 3913 404 3962 the
415 3922 504 3967 senate,
518 3929 547 3961 or
558 3914 587 3961 ol
602 3913 753 3976 originating
803 3923 874 3962 vatus
886 3915 937 3963 est.'
969 3915 1025 3962 The
1037 3916 1100 3962 sorm
1114 3915 1222 3963 ‘senati‘
1236 3917 1257 3964 is
1268 3917 1376 3967 archaia.

181 3998 228 4030 one
250 3981 279 4029 ol
304 3980 343 4028 his
365 3994 436 4035 own;
459 3980 511 4037 but,
534 3979 559 4026 in
582 3977 624 4027 the
647 3994 702 4027 case
727 3977 756 4026 ol
804 3978 850 4030 See
863 3980 947 4028 llladv.
962 3980 1002 4043 46,
1017 3980 1078 4029 Obs.
1092 3993 1113 4040 a,
1127 3980 1177 4029 and
1192 3997 1229 4045 cp.
1246 3982 1288 4030 Ad
1305 3983 1376 4031 Fam.

182 4047 307 4103 Metellus,
321 4045 352 4094 he
364 4044 424 4093 does
436 4055 478 4092 not
491 4060 556 4092 seem
568 4051 594 4092 to
605 4043 668 4093 have
679 4043 753 4092 taken
805 4059 826 4095 a.
841 4056 863 4108 7,
875 4061 899 4107 4.

180 4114 319 4175 advantage
331 4109 359 4159 oi
372 4110 453 4158 either
463 4109 588 4173 privilege.
839 4124 876 4173 14.
897 4113 1106 4168 sublevaretur,
1126 4112 1173 4160 ‘be
1189 4110 1312 4173 relieved,'
1326 4116 1376 4162 ‘re

214 4193 237 4242 9.
273 4180 533 4233 Quotienscumque
567 4178 676 4232 aliquid
710 4181 754 4225 est
805 4175 1270 4240 leasedsromhisperilousposition)

180 4251 284 4302 sotum,
308 4241 453 4290 ‘whenever
474 4240 514 4288 his
541 4240 676 4289 behaviour
702 4257 754 4290 was
838 4245 1194 4299 Non...oppugnavi...
1211 4248 1375 4305 repugnavi,

182 4308 308 4357 discussed
326 4308 351 4354 in
370 4306 412 4356 the
430 4304 528 4355 senate?
563 4308 613 4355 For
628 4307 670 4356 the
688 4323 753 4356 mea·
805 4308 835 4355 ‘I
852 4307 894 4354 did
913 4313 956 4355 not
973 4308 1058 4357 attack
1076 4322 1137 4371 your
1154 4308 1262 4368 brother,
1279 4311 1324 4359 but
1341 4327 1377 4360 re·

182 4389 248 4422 sures
266 4374 340 4421 taken
357 4372 455 4436 against
471 4372 588 4421 Metellus
603 4372 643 4421 Ne
679 4389 698 4434 s,
715 4388 754 4422 see
804 4373 882 4422 sisted
894 4372 932 4420 his
943 4371 1056 4422 attacks.'

182 4441 240 4488 lntr.
251 4448 278 4488 to
291 4439 348 4486 Part
360 4439 379 4498 l,
394 4443 407 4496 5
423 4451 469 4496 ης
487 4438 553 4487 Suet.
567 4438 612 4487 lul.
627 4452 636 4486 1
658 4474 663 4485 .
841 4437 877 4487 16.
895 4442 991 4487 Etiam
1008 4441 1136 4489 desertus
1147 4445 1182 4488 ab
1197 4444 1296 4490 officiis
1309 4444 1377 4502 tuis,

216 4508 389 4555 resedens.
424 4505 555 4553 Asenator
567 4520 646 4553 seems
657 4504 716 4567 only
728 4509 755 4552 to
806 4503 918 4568 ‘though
930 4520 978 4567 you
990 4504 1054 4554 have
1069 4506 1156 4555 ceased
1174 4513 1201 4555 to
1217 4522 1267 4571 pay
1278 4522 1318 4555 rne
1329 4523 1379 4570 any

181 4572 243 4620 have
267 4571 331 4619 risen
355 4570 377 4618 it
399 4571 430 4618 he
453 4569 546 4618 wished
575 4579 603 4619 to
628 4570 704 4634 speak
730 4577 757 4618 at
806 4568 955 4619 attentione)
999 4571 1046 4635 Cp.
1069 4575 1102 4619 ‘a
1122 4573 1208 4621 ceteris
1230 4571 1377 4621 oblectatio·

181 4638 274 4702 length,
294 4653 322 4685 or
344 4643 371 4684 to
390 4636 462 4699 bring
484 4652 499 4684 a
521 4651 575 4684 new
592 4637 688 4684 motion
708 4635 756 4684 ior·
806 4635 879 4683 nibus
898 4634 1063 4684 deseror’Ad
1081 4638 1135 4686 Att.
1151 4652 1175 4699 4.
1191 4650 1229 4697 ιο,
1249 4650 1271 4685 1.
1307 4637 1377 4687 ‘Ab’

181 4704 257 4767 ward.
807 4716 863 4763 may
875 4700 954 4749 either
969 4716 1039 4749 mean
1057 4702 1097 4750 ‘in
1112 4709 1207 4766 respect
1223 4702 1266 4764 ol,'
1277 4718 1316 4767 cp.
1330 4705 1377 4769 Ep.

214 4773 326 4818 Addam
338 4770 412 4815 illud
423 4769 516 4825 etiam,
532 4765 623 4814 ‘lwill
636 4766 686 4815 add
697 4765 754 4824 thia,
807 4779 829 4814 1.
856 4779 878 4825 a,
902 4775 980 4824 note3
1008 4782 1036 4814 or
1059 4767 1079 4816 it
1107 4784 1165 4831 may
1188 4769 1313 4833 personily
1335 4771 1378 4819 the

182 4844 234 4893 too,
243 4836 295 4883 that
308 4835 319 4882 1
331 4832 449 4895 regarded
460 4831 520 4879 with
533 4832 625 4890 favour,
635 4832 684 4880 and
693 4846 754 4880 even
806 4829 920 4888 'officia'
932 4847 970 4896 ep.
983 4832 1080 4898 Zumpt,
1095 4834 1122 4883 L.
1137 4835 1168 4883 G.
1181 4848 1237 4897 451.

182 4901 325 4965 supported,
334 4915 349 4947 a
358 4900 443 4947 decree
452 4896 481 4945 ol
489 4896 531 4945 the
543 4906 625 4946 senate
634 4896 753 4960 relieving
839 4909 875 4960 17.
893 4900 987 4946 Paene
998 4901 1143 4949 minitanti
1152 4917 1158 4950 ι
1176 4916 1216 4951 see
1225 4901 1267 4952 the
1276 4902 1342 4951 close
1351 4902 1382 4951 of

182 4983 243 5030 your
254 4965 352 5014 brother
365 4966 428 5013 from
446 4977 514 5010 some
530 4964 559 5012 ol
573 4963 614 5012 the
631 4962 752 5027 penalties
802 4962 844 5013 the
856 4963 988 5028 preceding
1005 4963 1082 5015 letter.
