3052 5026
140 371 187 421 nn.
206 352 294 446 11o.]
474 361 540 424 AD
560 363 781 428 ATTICUM
797 364 893 429 XIV.
919 367 1009 451 13B.
1275 382 1339 453 529

141 526 256 591 hostility
272 535 299 578 to
316 526 355 578 his
370 529 458 588 iether,
474 531 524 581 und
541 549 605 583 vere
622 533 653 583 he
670 533 750 598 living
766 534 858 584 should
875 535 923 586 feel
939 551 1004 586 noue
1020 552 1084 586 now.
1119 550 1142 599 5.
1159 536 1173 585 1
1189 545 1262 602 grant
1278 554 1340 603 your

141 613 246 671 request,
258 606 324 669 then,
336 616 380 658 not
391 608 455 660 from
467 610 546 659 alurrn
557 611 596 660 ior
606 611 702 676 myseli,
716 613 760 663 but
771 613 836 663 from
846 614 935 678 regurd
947 614 984 664 sor
995 631 1051 679 yon.

487 760 619 812 CICERO
641 763 806 814 ANTONIO
828 763 901 814 COS.
919 763 943 814 S.
962 766 996 815 D.

112 897 127 942 1
186 879 287 961 Quod
304 900 433 944 mecum
450 902 509 963 per
525 882 653 963 litteras
668 885 750 965 agis,
766 905 865 950 unam
881 885 925 949 ob
940 906 1073 952 causam
1085 886 1217 951 mallem
1228 907 1340 950 coram

142 984 265 1065 egisses
279 1007 286 1046 :
306 1005 372 1048 non
387 984 475 1048 enim
493 985 600 1050 solum
616 1007 661 1050 ex
678 989 836 1064 oratione,
848 991 906 1053 sed
919 992 1021 1054 etiam
1034 1012 1077 1054 ex
1088 991 1181 1055 voltu
1194 999 1226 1055 et
1239 990 1341 1055 oculis

142 1096 176 1152 et
191 1087 307 1162 fronte,
323 1099 361 1152 ut
375 1089 477 1168 aiunt,
494 1111 605 1154 meum
623 1112 702 1174 erga
725 1102 759 1155 te
780 1113 928 1157 amorem
952 1096 1135 1177 perspicere
1157 1095 1342 1179 potuisses;

142 1212 231 1269 nam,
248 1213 324 1255 cum
339 1203 373 1257 te
388 1215 518 1277 semper
532 1195 649 1269 amavi,
667 1195 809 1276 primum
825 1206 883 1260 tuo
899 1198 1020 1275 studio,
1036 1210 1112 1281 post
1123 1199 1225 1263 etiam
1241 1198 1341 1262 bene-

143 1294 218 1360 ficio
235 1307 443 1379 provocatus,
459 1308 529 1361 tum
545 1297 597 1362 his
612 1299 816 1380 temporibus
832 1299 1030 1384 respublica
1045 1311 1078 1365 te
1094 1301 1175 1365 mihi
1190 1301 1237 1365 ita
1252 1319 1369 1369 com-5

113 1400 325 1475 emendavit,
349 1409 384 1463 ut
410 1402 569 1465 cariorem
596 1401 737 1467 habeam
764 1404 939 1467 neminem.
986 1404 1133 1468 Litterae
1158 1426 1237 1468 vero
1265 1415 1342 1468 tuae

143 1524 217 1567 cum
233 1505 469 1582 amantissime,
485 1513 557 1567 tum
573 1504 900 1570 honorificentissime
915 1509 1056 1590 scriptae
1071 1510 1118 1572 sic
1141 1529 1195 1573 me
1210 1507 1340 1573 adsece-
1373 1529 1376 1532 ⁴

143 1617 228 1684 runt,
245 1616 282 1671 ut
302 1629 368 1671 non
389 1609 469 1672 dare
488 1609 549 1672 tibi
572 1607 768 1673 beneficium
791 1611 928 1688 viderer,
944 1613 1002 1674 sed
1024 1613 1173 1695 accipere
1195 1633 1215 1676 a
1238 1622 1272 1675 te
1295 1612 1343 1676 ita

143 1721 288 1794 petente,
304 1721 341 1774 ut
359 1712 527 1775 inimicum
544 1732 666 1789 meum,
681 1714 898 1777 necessarium
910 1723 1016 1792 tuum,
1029 1736 1082 1778 me
1094 1716 1197 1779 invito
1213 1735 1343 1779 servare

112 1814 257 1893 snolles‚
274 1836 349 1879 cum
367 1817 399 1880 id
415 1816 506 1879 nullo
522 1818 656 1900 negotio
671 1817 777 1881 facere
797 1838 921 1901 posses.
966 1818 1041 1902 Ego
1063 1840 1143 1883 vero
1164 1820 1226 1882 tibi
1248 1812 1409 1894 istuc,1o¹

145 1921 189 1982 mi
205 1919 342 1997 Antoni,
358 1921 502 1998 remitto,
518 1930 618 2003 atque
640 1921 694 1996 ita,
711 1931 748 1984 ut
771 1942 824 1984 me
846 1942 867 1984 a
889 1931 932 1997 te,
948 1943 1024 1985 cum
1048 1922 1087 1985 iis
1109 1923 1219 1986 verbis
1240 1923 1342 2005 scrip·

144 2025 234 2101 seris,
251 2023 475 2088 liberalissime
490 2033 589 2107 atque
605 2022 933 2090 honorificentissime
948 2034 1126 2090 tractatum
1142 2026 1342 2103 existimem,

145 2128 244 2210 idque
260 2148 335 2190 cum
349 2137 469 2204 totum,
479 2148 615 2210 quoquo
628 2129 730 2192 modo
742 2150 777 2193 se
789 2150 840 2193 res
851 2128 999 2206 haberet,
1012 2129 1073 2193 tibi
1085 2129 1234 2194 dandum
1246 2139 1342 2211 puta-

145 2253 224 2308 rem,
238 2242 310 2296 tum
328 2232 372 2295 do
387 2233 486 2295 etiam
503 2231 702 2295 humanitati
719 2241 752 2296 et
768 2242 905 2296 naturae
921 2253 1015 2297 meae
1029 2253 1037 2310 ;
1061 2232 1140 2296 nihil
1157 2233 1245 2296 enim
1269 2253 1342 2295 um·

145 2355 244 2418 quam
261 2356 327 2398 non
344 2336 445 2399 modo
463 2336 618 2399 acerbum
636 2336 669 2398 in
685 2356 739 2398 me
755 2334 823 2413 fuit,
838 2338 897 2401 sed
909 2357 950 2399 ne
960 2336 1060 2420 paulo
1072 2337 1206 2418 quidem
1217 2337 1343 2400 tristius
1358 2365 1388 2416 15

145 2451 203 2504 aut
219 2440 368 2517 severius,
383 2460 483 2522 quam
499 2439 675 2503 necessitas
693 2438 738 2502 rei
755 2438 907 2521 publicae
922 2439 1112 2521 postulavit.
1150 2439 1294 2504 Accedit
1306 2450 1342 2503 tu

145 2565 186 2607 ne
201 2544 233 2606 in
246 2545 354 2626 ipsum
367 2543 502 2624 quidem
514 2542 669 2607 Clodium
680 2562 791 2606 meum
802 2542 928 2625 insigne
940 2542 1054 2606 odium
1065 2541 1162 2606 fuerit
1175 2564 1343 2624 umquam,

145 2668 341 2729 semperque
366 2647 411 2710 ita
433 2647 543 2724 statui,
566 2667 631 2709 non
654 2666 726 2709 esse
748 2646 956 2710 insectandos
980 2646 1187 2711 inimicorum
1210 2648 1343 2723 amicos,

145 2751 339 2833 praesertim
355 2749 553 2828 humiliores,
568 2770 629 2814 nec
643 2749 696 2812 his
711 2749 884 2833 praesidiis
906 2760 1036 2813 nosmet
1057 2750 1146 2831 ipsos
1172 2770 1244 2814 esse
1268 2771 1345 2833 spo·

181 2961 201 2997 r.
221 2950 312 3007 Quod,
324 2949 367 2996 ‘us
377 2954 404 2996 to
415 2946 458 2995 the
470 2946 519 2996 fact
530 2944 599 2996 that?
617 2945 663 3011 Cp.
673 2945 720 3010 Ep.
806 2959 843 3007 13.
864 2949 975 3006 Totum,
991 2944 1159 3009 ‘altogethen’
1192 2945 1240 3011 Cp.
1256 2945 1304 3010 Ep.
1322 2960 1344 3008 ι,

146 3015 160 3062 8
185 3027 195 3061 1
216 3021 300 3071 ,note
774 3027 794 3071 ι,
808 3019 875 3062 note.

164 3029 308 3127 ’rivoltu
323 3083 352 3126 ot
367 3076 719 3141 ooulin,ioll.,‘myexpres·
805 3081 926 3136 Quoquo
956 3080 1040 3126 modo
1064 3111 1071 3124 .
1096 3113 1102 3126 .
1125 3080 1249 3135 haberet,
1281 3075 1345 3136 soll,

146 3145 208 3205 sion,
228 3144 276 3193 and
300 3159 356 3207 eyes
374 3143 424 3192 and
446 3144 530 3190 brow!
564 3143 618 3192 The
638 3141 720 3190 words
772 3143 864 3192 ‘under
885 3159 933 3205 any
956 3144 1144 3192 circumstances
1167 3143 1179 3190 l
1201 3141 1292 3191 should
1314 3142 1346 3191 be

147 3215 188 3259 ‘ut
207 3207 289 3258 aiunt'
308 3226 374 3258 seem
392 3216 419 3257 to
435 3207 504 3256 show
521 3208 576 3258 thut
592 3209 682 3258 Cicero
699 3208 721 3255 is
770 3208 867 3271 willing
890 3217 918 3256 to
936 3208 970 3256 do
988 3206 1038 3257 this
1056 3208 1095 3256 sor
1111 3223 1172 3270 you,
1189 3223 1250 3256 even
1266 3207 1290 3255 ir
1303 3222 1346 3270 my

145 3277 250 3340 quoting
261 3291 330 3323 some
342 3274 450 3323 familiar
461 3275 555 3337 snying.
771 3273 919 3338 disposition
931 3289 994 3322 were
1005 3280 1097 3321 sternet
1107 3273 1166 3322 than
1178 3274 1198 3322 it
1209 3271 1246 3321 is'

178 3357 201 3404 4.
220 3344 281 3389 ‘nuo
294 3343 396 3399 studio,
411 3343 487 3403 ‘your
495 3339 612 3388 devotion
624 3347 651 3387 to
663 3337 720 3388 me'
806 3353 843 3401 14.
862 3341 944 3386 Nihil
955 3341 1032 3387 euim
1045 3375 1051 3386 .
1064 3374 1070 3387 .
1082 3340 1248 3398 postulavit,
1263 3337 1346 3387 ‘there

146 3407 219 3470 ΕΜ
238 3421 252 3467 3
269 3405 298 3454 oi
312 3406 354 3455 the
370 3407 486 3470 previous
502 3404 584 3464 letter,
595 3405 645 3455 and
660 3411 720 3453 note
770 3421 822 3453 was
832 3419 907 3453 never
922 3404 1042 3467 anything
1059 3403 1083 3452 in
1101 3404 1186 3453 ιιι-Ι
1201 3404 1235 3452 do
1247 3411 1290 3452 not
1301 3419 1346 3467 suy

146 3472 255 3521 thereon.
771 3470 847 3529 eruel,
856 3469 1032 3519 but-hursher
1044 3484 1072 3516 or
1083 3484 1151 3518 more
1162 3470 1274 3534 rigorous
1285 3468 1346 3518 than

179 3539 330 3595 Beueilolo,
350 3537 398 3585 ie.
418 3537 481 3586 aiter
497 3533 636 3584 Pharsalus.
671 3534 720 3600 Cp.
771 3535 813 3585 the
824 3533 914 3584 State’s
924 3535 987 3584 need
998 3534 1127 3598 required’

146 3603 257 3665 Philipp.
271 3616 292 3650 1.
304 3618 327 3664 4,
344 3616 369 3649 11
381 3617 387 3659 ;
407 3617 428 3650 ι.
442 3616 464 3664 3,
477 3615 500 3664 5.
803 3604 890 3649 Enim
902 3600 1014 3663 explains
1024 3606 1142 3648 unturne
1153 3614 1240 3648 mono.

179 3683 203 3730 5.
221 3671 404 3728 Provoootun,
417 3665 541 3716 ‘invitecl’
807 3665 843 3714 16.
864 3668 981 3715 Accedit
991 3670 1032 3714 ut.
1057 3664 1098 3713 On
1110 3665 1160 3713 this
1171 3664 1345 3722 construction,

179 3738 237 3782 Ros
248 3735 371 3792 publico,
380 3736 386 3758 ‘
395 3750 457 3796 your
468 3728 684 3797 publicconduct‚'
692 3746 721 3779 or
771 3748 810 3796 cp.
824 3731 909 3779 Madv.
923 3741 978 3793 373,
992 3730 1053 3779 Obs
1066 3744 1088 3792 3.

145 3797 531 3863 perhaps·thepublicinterest.'
549 3798 639 3847 Cicero
647 3796 721 3845 refers
806 3811 844 3860 ιγ.
863 3799 907 3844 Ne
920 3832 926 3843 .
940 3831 946 3842 .
958 3798 1069 3853 insigne
1081 3832 1106 3845 ..
1123 3811 1264 3854 umquem.
1298 3796 1347 3845 Yet

146 3864 281 3928 especially
288 3873 314 3913 to
322 3862 443 3927 Antony’s
451 3864 585 3914 behaviour
591 3877 624 3910 on
631 3861 721 3911 March
772 3862 860 3911 Cicero
869 3861 994 3910 cherished
1007 3861 1046 3909 ior
1054 3876 1069 3908 a
1077 3861 1137 3925 long
1148 3862 1210 3909 time
1221 3860 1259 3909 hin
1268 3861 1346 3910 exult·

149 3940 187 3993 17.
221 3931 270 3993 Cp.
284 3930 342 3979 lntr.
355 3939 381 3979 to
393 3930 451 3978 Part
464 3929 495 3989 V,
510 3934 523 3988 ξ
538 3942 559 3976 2.
772 3929 839 3976 ation
857 3943 914 3976 over
933 3927 975 3975 the
994 3926 1071 3975 death
1087 3926 1116 3974 of
1129 3926 1241 3975 Clodius.
1276 3925 1348 3975 nster

180 3999 202 4044 8.
216 3999 262 4043 Itu
269 4001 382 4052 petente
393 4032 398 4042 .
411 3998 526 4055 molles,
535 3997 542 4019 ‘
550 3993 608 4041 asin
619 3992 722 4055 making
772 4009 841 4042 more
852 3993 912 4042 than
923 3999 973 4040 two
990 4007 1060 4055 years
1074 3992 1123 4039 had
1136 3991 1237 4056 elapsed
1250 3991 1281 4041 he
1292 3990 1346 4040 still

147 4078 209 4125 your
220 4067 315 4124 request
328 4076 377 4123 you
389 4076 488 4124 express
499 4059 683 4122 unwillingness
694 4065 721 4107 to
772 4059 879 4108 counted
895 4057 1015 4107 rhedas
1034 4057 1097 4105 from
1116 4056 1169 4106 that
1186 4062 1264 4106 event.
1298 4056 1346 4122 Cp.

147 4135 238 4177 restore
251 4143 311 4189 your
323 4126 402 4175 iriend
413 4127 511 4189 against
522 4141 563 4187 my
575 4121 644 4172 will’
773 4124 815 4173 Ad
826 4125 879 4171 Art.
892 4122 915 4172 6.
930 4137 950 4179 r,
966 4073 1003 4171 ag.

182 4206 219 4240 10.
238 4196 299 4249 Ego
314 4207 389 4249 vero,
405 4192 433 4240 ‘l
449 4187 584 4253 certainly?
613 4190 660 4253 Cp.
673 4187 722 4253 Ep.
809 4202 845 4251 19.
864 4192 919 4236 His
936 4189 1094 4247 praesidiis,
1108 4187 1151 4236 i.e.
1169 4185 1225 4235 ‘the
1242 4186 1348 4236 services

147 4272 189 4320 40,
210 4271 229 4317 1,
249 4265 321 4314 note;
338 4258 392 4305 also
410 4258 458 4305 Pro
475 4256 572 4305 Muren.
589 4269 614 4317 4,
630 4269 645 4318 9
659 4258 722 4318 ‘ego
773 4254 803 4303 ot'
821 4270 866 4303 our
887 4250 1054 4317 dependents,'
1074 4253 1158 4302 whose
1181 4251 1245 4302 exile
1263 4250 1349 4300 would

147 4339 205 4372 vero
218 4323 322 4372 libenter
333 4320 435 4372 desino.'
772 4319 890 4368 diminish
918 4319 960 4368 the
987 4318 1091 4367 number
1115 4317 1145 4367 oi
1164 4317 1228 4366 their
1256 4332 1348 4381 oppor-

181 4391 260 4438 Istuo
283 4424 290 4437 .
313 4425 320 4437 .
340 4391 462 4446 remitto,
482 4388 513 4436 ‘I
536 4387 593 4450 give
611 4401 645 4449 up
667 4385 723 4435 that
773 4386 873 4434 tunities
892 4384 931 4434 ior
958 4385 1055 4448 serviug
1082 4383 1146 4433 their
1173 4381 1282 4448 patron’s
1312 4383 1347 4431 in·

148 4455 244 4518 quarrel
256 4462 282 4502 to
298 4454 379 4518 plense
395 4451 464 4535 you,'
475 4453 563 4502 ‘mulce
580 4452 633 4502 that
650 4451 724 4501 saeri-
774 4457 856 4501 terest.

148 4519 194 4569 fiee
206 4520 244 4569 ior
254 4535 316 4584 your
327 4520 393 4569 sake.

713 4615 787 4665 ΜΠ]
