3052 5026
478 354 544 415 AD
565 352 861 415 FAMILIARES
880 353 965 418 XII.
990 371 1019 419 2.

148 370 195 417 11.
215 349 304 441 118.]

1284 363 1347 434 553

150 529 300 585 senatum
327 521 438 585 venire
462 521 556 586 licet:
586 523 725 586 caedem
755 522 843 585 enim
872 519 1038 603 gladiator
1060 520 1187 603 quaerit
1214 517 1348 601 eiusque

150 625 279 689 initium
295 647 324 689 a.
340 627 372 690 d.
389 638 470 688 XIII.
483 624 560 688 Kal.
574 624 711 690 Octobr.
723 645 743 688 a
755 646 807 689 me
818 646 854 687 se
865 626 1027 688 iacturum
1041 624 1178 708 putavit,
1188 624 1232 687 ad
1246 640 1345 704 quem

151 738 285 812 paratus
297 739 440 806 venerat,
452 749 527 793 cum
544 730 577 792 in
592 729 671 792 villa
684 729 812 793 Metelli
825 729 1011 813 complures
1020 731 1091 794 dies
1103 737 1347 793 commentatus

150 841 247 897 esset.
292 832 388 915 Quae
400 841 511 897 autem
522 834 554 896 in
565 833 675 898 lustris
694 843 727 896 et
738 833 772 895 in
786 834 864 896 vino
880 833 1115 898 commentatio
1126 832 1236 916 potuit
1252 836 1347 894 esse?

151 937 263 1017 itaque
278 938 431 1000 omnibus
446 948 496 1000 est
512 939 610 1015 visus,
620 948 656 1002 ut
672 938 715 1000 ad
731 946 765 1000 te
776 947 874 1000 antea
892 938 1015 1020 scripsi,
1027 957 1160 1001 vomere
1172 956 1231 999 suo
1247 954 1374 1015 morey

120 1054 136 1099 a
151 1061 216 1104 non
231 1041 351 1105 dicere.
397 1039 474 1122 Qua
488 1061 530 1118 re,
546 1042 635 1124 quod
650 1041 765 1105 scribis
781 1051 814 1104 te
829 1039 994 1105 confidere
1008 1041 1202 1104 auctoritate
1226 1048 1259 1102 et
1280 1037 1347 1102 elo-

151 1145 288 1226 quentia
304 1153 417 1208 nostra
435 1144 561 1227 aliquid
580 1143 696 1228 profici
711 1165 817 1227 posse,
835 1165 901 1208 non
914 1144 1003 1221 nihil,
1018 1153 1054 1208 ut
1074 1145 1107 1207 in
1125 1144 1225 1208 tantis
1242 1140 1345 1216 malis,

151 1244 201 1312 cst
217 1247 417 1330 profectum:
442 1248 605 1330 intellegit
619 1249 707 1312 enirn
723 1248 864 1331 populus
883 1249 1055 1312 Romanus
1070 1258 1137 1312 tres
1149 1268 1219 1310 esse
1231 1266 1347 1310 consu·

150 1351 244 1429 lares,
260 1352 327 1433 qui,
346 1352 433 1433 quia,
448 1373 529 1433 quae
550 1352 592 1415 de
614 1374 650 1417 re
672 1352 804 1435 publica
826 1354 909 1416 bene
931 1352 1101 1429 senserint,
1122 1350 1224 1415 libere
1245 1349 1347 1413 locuti

151 1457 224 1532 sint,
239 1463 314 1520 tuto
330 1455 362 1517 in
379 1465 530 1519 senatum
546 1456 655 1519 venire
670 1477 738 1520 non
753 1458 891 1538 possint.
921 1456 955 1520 N
958 1477 994 1520 ec
1009 1466 1060 1520 est
1076 1466 1243 1539 praeterea
1255 1453 1345 1536 quod
1363 1478 1392 1514 ιο

150 1559 327 1642 quicquam
344 1569 538 1641 exspectes3
560 1569 635 1623 tuus
651 1561 739 1623 enirn
755 1560 953 1624 necessarius
961 1559 1132 1624 adfinitate
1143 1579 1228 1622 nova
1237 1556 1346 1620 delec-

151 1672 259 1726 tatur:
283 1663 395 1742 itaque
405 1664 469 1726 iam
481 1683 546 1727 non
559 1672 609 1727 est
624 1664 792 1728 studiosus
802 1663 955 1727 ludorum
968 1663 1162 1745 infinitoque
1174 1661 1282 1726 fratris
1297 1661 1345 1724 tui

151 1767 267 1850 plausu
283 1767 491 1849 dirumpitur.
534 1767 633 1830 Alter
646 1767 726 1831 item
747 1766 865 1831 adfinis
888 1767 980 1831 novis
1003 1766 1246 1831 commentariis
1263 1764 1346 1829 Cae-

151 1871 232 1934 saris
255 1870 418 1934 delenitus
441 1881 500 1934 est.
547 1871 614 1937 Sed
642 1872 725 1936 haec
746 1871 953 1937 tolerabilia:
978 1872 1057 1934 illud
1080 1892 1146 1934 non
1166 1870 1346 1943 serendum,

150 1974 239 2056 quod
255 1983 314 2051 est,
330 1975 387 2056 qui
402 1983 512 2039 vestro
526 1996 612 2040 anno
628 1975 733 2039 filium
745 1996 839 2039 suum
851 1974 1019 2040 consulem
1031 1974 1176 2038 futurum
1193 1983 1288 2055 putet
1303 1973 1347 2036 ob
1364 1993 1392 2042 15

183 2133 432 2211 Esuoouwoutus,
455 2132 587 2184 ‘followed
617 2149 660 2197 my
682 2149 723 2182 ex·
776 2136 819 2182 ‘ut
832 2132 903 2180 nullo
919 2147 1017 2208 prorsus
1034 2130 1092 2196 plus
1107 2130 1208 2207 homine
1225 2127 1348 2205 delecter!

151 2194 242 2259 ample.
284 2196 482 2262 ‘Consequi‘=‘
493 2200 613 2249 imitando
638 2197 723 2263 sequi!
775 2198 830 2247 The
848 2198 906 2246 verb
922 2212 944 2245 rs
961 2198 1023 2246 used
1040 2198 1099 2245 both
1118 2197 1178 2245 with
1198 2195 1240 2244 the
1259 2210 1305 2244 sim
1325 2194 1348 2244 le

152 2260 257 2310 Forcell.
292 2261 407 2327 Nothing
417 2266 519 2314 moreis
534 2264 633 2325 known,
645 2280 723 2330 appa·
773 2263 883 2312 ablative
900 2263 951 2312 and
967 2261 1027 2312 with
1039 2258 1102 2311 ‘ab'
1134 2261 1246 2324 Madvig,
1259 2276 1292 2308 ou
1334 2276 1348 2309 e

775 2330 829 2377 Fin.
844 2341 865 2377 1.
879 2342 901 2391 5,
916 2341 947 2391 14
963 2329 1072 2378 remarks
1084 2327 1202 2376 ‘delector
1213 2326 1299 2390 aliquo
1309 2333 1347 2374 est

773 2396 885 2443 universe
887 2393 971 2458 podo,
977 2394 1060 2457 placet
1067 2392 1134 2441 mihi
1137 2408 1148 2451 ;
1158 2391 1260 2440 delector
1265 2397 1348 2440 autem

774 2460 805 2508 ab
818 2460 903 2524 aliquo
914 2467 965 2508 est:
982 2459 1163 2507 delectationem
1180 2457 1247 2506 milvi
1262 2457 1347 2521 aliquo

773 2526 893 2589 temporis
905 2532 1031 2574 momento
1037 2521 1125 2588 parit.¹

811 2605 847 2639 11.
866 2594 933 2639 Non
941 2596 985 2638 est
995 2593 1139 2638 studiosus
1148 2591 1289 2647 ludorum,
1301 2586 1348 2637 ‘he

775 2656 820 2705 hus
836 2672 869 2706 no
886 2663 949 2705 taste
965 2655 1004 2704 ior
1020 2654 1062 2703 the
1078 2652 1178 2719 games’
1196 2655 1224 2703 oi
1243 2651 1348 2718 Apollo,

775 2721 856 2771 which
869 2722 946 2786 ought
963 2729 990 2770 to
1007 2721 1070 2769 have
1089 2723 1148 2770 been
1160 2719 1297 2769 celebrated
1315 2719 1349 2783 by

776 2788 812 2836 M.
826 2788 922 2837 Brutus.
941 2784 1100 2837 ‘studiosus’
1112 2785 1157 2834 has
1166 2785 1208 2834 the
1218 2784 1284 2834 force
1296 2784 1325 2833 oi
1332 2800 1349 2832 a

775 2854 931 2902 substantive.
965 2853 1013 2916 Cp.
1024 2852 1072 2916 Ep.
1084 2849 1108 2906 6.
1121 2866 1143 2912 1,
1155 2859 1231 2910 uote;
1246 2850 1304 2910 and,
1316 2865 1349 2898 on

775 2918 817 2968 the
827 2934 914 2983 games
925 2919 984 2967 Iutr.
997 2924 1024 2967 to
1035 2918 1094 2966 Part
1106 2917 1137 2976 V,
1152 2923 1164 2977 ξ
1177 2933 1201 2980 4.

808 2988 983 3043 tunntaoqua
996 3019 1020 3032 ..
1037 2986 1155 3041 plausu:
1173 2998 1212 3046 cp.
1227 2982 1274 3046 Ep.
1293 2979 1348 3037 106.

778 3063 799 3098 1.

812 3129 848 3178 13.
867 3113 1185 3173 Dtrumpitur-‘invidia
1210 3112 1349 3177 rumpitur,'

778 3182 814 3230 ‘is
826 3182 937 3245 bursting
948 3182 1008 3229 with
1021 3180 1152 3229 vexation·
1169 3178 1275 3228 Forcell.
1299 3178 1347 3242 Cp.

776 3246 817 3294 Ad
830 3248 882 3295 Ate
895 3263 918 3309 ι,
932 3248 969 3306 16,
983 3259 1013 3293 ro
1026 3246 1213 3309 ‘dirumpuntur
1224 3243 1241 3292 ii
1253 3243 1295 3308 qui
1309 3257 1349 3291 me

775 3311 870 3376 aliquid
882 3327 954 3376 posse
965 3309 1113 3360 doluerunt’

808 3381 890 3427 Alter
900 3381 969 3428 item
986 3379 1095 3426 adfinia
1130 3376 1155 3425 1t
1166 3375 1187 3423 is
1203 3383 1248 3424 not
1258 3374 1349 3422 known

775 3443 833 3492 who
843 3444 957 3493 miswaa
992 3443 1046 3493 The
1056 3457 1129 3492 name
1140 3441 1169 3490 oi
1177 3442 1207 3492 C.
1215 3439 1350 3490 Marcellus

776 3510 821 3558 has
832 3509 894 3558 been
905 3509 1042 3573 suggested

809 3578 901 3624 Novia
925 3577 1142 3624 commentariis.
1181 3572 1221 3621 On
1243 3573 1285 3622 the
1307 3587 1350 3622 uae

776 3640 849 3688 made
861 3640 890 3689 of
898 3638 1011 3690 Caesar's
1023 3655 1119 3704 papers,
1131 3654 1170 3703 cp.
1182 3638 1241 3687 lutr.
1252 3646 1279 3688 to
1291 3639 1349 3687 Part

777 3706 810 3765 V,
824 3711 837 3765 ξ
856 3718 878 3765 3.
912 3707 1014 3769 Antony
1030 3704 1152 3769 probably
1165 3703 1278 3753 declared
1295 3703 1349 3753 that

776 3772 807 3821 he
818 3771 868 3820 had
879 3770 955 3819 found
966 3786 981 3818 a
992 3772 1078 3820 decree
1089 3777 1203 3833 amongst
1214 3770 1282 3819 them
1293 3784 1350 3834 pro·

776 3838 873 3900 moting
889 3837 931 3885 the
946 3836 1047 3886 interest
1058 3836 1087 3884 oi
1100 3837 1142 3885 the
1155 3836 1234 3884 ‘alter
1245 3833 1349 3884 adfinis'

775 3904 800 3951 in
812 3919 881 3952 some
892 3918 955 3966 way.

811 3982 848 4031 15.
862 3971 946 4025 Quod
953 3973 1003 4029 eat,
1016 3970 1074 4025 qua
1091 3965 1350 4030 Itisquiteuuoertain

776 4041 804 4082 to
815 4034 898 4082 whom
911 4033 999 4083 Cicero
1010 4034 1092 4083 refers.

809 4102 911 4149 Vestro
931 4113 1012 4159 anno,
1024 4099 1063 4146 ‘in
1080 4114 1142 4162 your
1158 4095 1233 4161 year,’
1245 4098 1287 4146 i.e.
1307 4096 1350 4147 the

152 2326 239 2389 rently‚
252 2328 328 2376 about
340 2329 389 2377 this
400 2329 490 2393 speech
502 2331 531 2379 of
537 2330 662 2380 Servilius.

187 2406 208 2441 1.
226 2394 273 2440 Ad
284 2407 376 2453 quem,
388 2409 421 2443 sc.
434 2395 532 2445 ‘diem’

186 2460 264 2518 3.1n
285 2461 356 2508 villa
374 2462 493 2522 Metelli,
511 2462 551 2511 Sci
571 2460 641 2510 iouis.
675 2461 724 2526 Cp.

153 2523 201 2587 Ep.
216 2535 270 2586 111,
286 2532 385 2584 nnete.
420 2525 444 2575 It
455 2541 507 2577 was
517 2535 543 2577 at
579 2527 641 2577 ibur.
675 2527 724 2592 Cp.

151 2589 261 2653 Philipp·
275 2602 299 2651 ⁵.
313 2601 335 2651 1,
349 2604 387 2654 19·

186 2657 357 2711 complana
385 2654 528 2708 Seventeen.
553 2657 601 2723 Cp.
614 2657 724 2723 Philipp.

153 2732 395 2835 ⁵'bbbimonrerua
417 2794 497 2836 esset.
541 2788 602 2837 This
624 2789 682 2839 verb
704 2789 726 2837 is

153 2851 214 2964 bolih
226 2859 274 2900 act.
286 2850 335 2900 aud
346 2859 428 2901 nent:
448 2853 512 2902 ‘had
523 2853 636 2904 studied.'
666 2855 726 2904 For·

151 2932 179 2966 oe
201 2953 206 2964 .

185 2995 208 3044 5.
226 2984 362 3033 vomere:
381 3001 419 3048 cp.
432 2983 541 3049 Philipp.
553 3000 576 3035 1.
586 2998 626 3048 15,
636 2983 685 3048 633
703 2999 725 3034 1.

153 3060 196 3108 30,
209 3045 257 3110 763
275 3062 296 3109 5.
310 3057 332 3110 7,
347 3051 484 3099 ro‘inme
495 3051 623 3100 absentem
635 3051 726 3100 oratio·

151 3128 208 3162 nem
221 3150 227 3161 .
241 3149 247 3161 .
260 3112 385 3164 evomuit’
418 3115 448 3164 In
459 3120 543 3165 ‘more
555 3115 614 3166 suo’
625 3117 694 3166 there
705 3117 727 3166 is

152 3178 275 3242 probably
285 3194 317 3226 an
329 3179 435 3231 allusion
449 3187 476 3230 to
488 3181 609 3245 Autony’s
623 3198 726 3232 manner

151 3244 334 3358 {sbamspeaken
352 3262 380 3295 as
396 3246 453 3296 well
469 3263 497 3296 as
513 3255 540 3297 to
556 3247 595 3297 his
611 3247 726 3312 personui

170 3325 210 3357 ar
236 3347 241 3358 .

185 3374 208 3423 6.
227 3378 311 3431 Quod
322 3380 430 3440 scribis,
443 3377 531 3427 ‘assor
537 3394 600 3442 your
610 3376 726 3442 writing‚’

152 3441 277 3490 ‘whereas
299 3457 347 3504 you
369 3441 454 3492 write.’
500 3444 547 3509 Cp.
571 3444 618 3509 Ep.
638 3446 662 3504 8,
687 3457 726 3507 14,

152 3515 218 3556 note.

186 3575 298 3622 8.'1'res
326 3589 388 3622 esse
412 3576 581 3625 consulares.
627 3575 723 3636 Cicero,

153 3639 211 3688 Piso
223 3640 272 3687 and
283 3638 409 3689 Servilius.
442 3640 489 3705 Cp.
502 3656 583 3704 supra.

188 3718 223 3753 10.
242 3707 303 3754 Neo
322 3712 365 3754 est
383 3742 389 3753 .
408 3712 583 3765 Λῖσωπου,
602 3705 688 3755 ‘there
704 3707 726 3756 is

152 3786 184 3818 no
202 3785 287 3819 reason
305 3771 343 3820 sor
362 3787 411 3834 you
433 3779 460 3819 to
478 3779 565 3835 expect
588 3787 637 3835 any
656 3773 727 3822 other

152 3833 211 3947 11ng
245 3837 291 3900 Cp.
305 3838 352 3900 Ep.
364 3851 404 3900 91,
418 3851 441 3900 5,
450 3845 524 3896 note,
540 3837 639 3902 Zumpt,
652 3837 680 3886 L.
693 3839 725 3887 G.

187 3915 207 3948 1.

153 3915 167 3963 ⁵
188 3979 225 4014 11.
244 3970 321 4015 Tuus
331 4003 337 4014 .
348 4002 354 4014 .
364 3972 546 4017 necessarius.
564 3967 601 4017 M.
610 3967 726 4032 lepidus.

154 4031 195 4080 He
207 4032 257 4080 and
273 4032 374 4081 Cassius
385 4032 435 4081 had
452 4034 512 4082 both
525 4035 631 4083 married
644 4035 726 4083 sisters

153 4096 181 4146 oi
197 4098 232 4146 hl.
251 4098 348 4146 erus.
381 4098 428 4163 Cp.
443 4099 485 4146 Ad
503 4101 573 4149 Fam.
597 4112 635 4149 11.
657 4101 726 4160 8,1;

157 4175 194 4212 11.
215 4176 252 4223 10,
279 4176 307 4222 ις
331 4162 397 4213 Vell.
421 4178 443 4214 1.
466 4165 513 4226 88;
538 4166 598 4216 Tac.
616 4166 683 4215 Aun.
703 4178 725 4227 3.
776 4180 835 4229 year
849 4164 969 4213 iuwhich
987 4179 1035 4227 you
1052 4163 1100 4213 and
1117 4163 1153 4212 M.
1165 4163 1255 4212 Brutus
1266 4161 1351 4212 would

153 4228 192 4290 76.
778 4231 808 4279 be
820 4229 913 4294 legally
923 4228 1030 4294 eligible.
1048 4228 1110 4278 This
1116 4228 1201 4277 would
1213 4230 1281 4289 be41
1292 4239 1351 4290 u.c.,

186 4297 342 4344 adfinitate
350 4310 432 4345 nova.
448 4295 613 4361 Lepidus'son
622 4294 726 4345 married
777 4311 805 4344 as
816 4296 858 4344 the
870 4296 950 4360 ‘leges
960 4293 1074 4344 annales’
1086 4295 1227 4359 prescribed
1238 4310 1269 4344 au
1277 4294 1350 4342 inter·

153 4359 459 4425 adaughteroiAntony.
494 4361 726 4425 Dioneaaiusp,
777 4360 818 4409 val
829 4361 859 4409 oi
872 4368 923 4410 two
935 4376 1005 4424 years
1016 4362 1123 4410 between
1138 4360 1181 4409 the
1196 4358 1351 4425 praetorship

154 4440 201 4488 53:
219 4426 347 4474 Drumann
361 4438 382 4474 1.
398 4440 434 4489 15.
777 4427 825 4476 and
843 4426 993 4490 consulship,
1011 4426 1060 4475 aud
1077 4426 1178 4476 Cassius
1194 4425 1243 4474 and
1260 4425 1353 4474 Brutus

186 4494 356 4542 Delectatur.
390 4492 438 4557 Cp.
456 4492 497 4541 Ad
514 4494 585 4542 Fam.
601 4506 639 4544 11.
658 4506 724 4556 29,1
777 4508 841 4542 were
851 4494 1109 4557 praetorsiu4413.c.
1129 4491 1265 4542 The'Lex
1273 4491 1355 4541 Villia

1324 4672 1456 4704 A
