3030 5542
134 376 183 426 ΒΡ,
199 352 268 445 99.]
478 358 544 419 AD
566 354 864 418 FAMILIARES
883 355 942 419 IV.
966 355 997 420 6.
1272 364 1337 435 475

105 554 122 599 a
136 552 236 615 quam
256 552 300 596 ex
317 552 352 594 re
368 527 500 614 publica
515 528 810 613 consequebantur.
857 528 942 592 Mihi
965 537 1077 592 autem
1095 526 1224 592 arnissis
1239 545 1334 590 oma-

136 637 254 699 mentis
278 636 325 712 iis,
347 656 433 718 quae
455 635 525 716 ipse
548 654 790 699 commemoras
819 653 971 716 quaeque
997 652 1087 697 eram
1112 630 1265 695 maximis
1288 628 1335 693 la·

134 739 270 804 boribus
293 741 446 823 adeptus,
466 759 568 802 unum
597 739 753 802 manebat
776 737 857 802 illud
885 737 1054 813 solacium,
1069 737 1158 820 quod
1182 746 1332 818 ereptum

135 854 196 907 est.
243 844 322 908 Non
353 844 535 909 amicorum
571 843 721 925 negotiis,
744 862 811 905 non
841 842 887 904 rei
918 841 1071 924 publicae
1104 839 1334 924 procuratione

133 948 400 1030 impediebantur
422 947 639 1030 cogitationes
667 966 781 1024 meae;
812 945 892 1009 nihil
915 945 948 1009 in
971 944 1043 1009 ioro
1066 965 1165 1028 agere
1188 943 1361 1019 libebat;5

133 1053 280 1134 aspicere
296 1053 419 1117 curiam
435 1072 501 1115 non
517 1060 667 1134 poteram
681 1075 689 1128 ς
712 1050 957 1126 existimabam,
975 1050 1008 1114 id
1024 1051 1113 1133 quod
1127 1058 1206 1124 erat,
1217 1067 1333 1110 omnes

133 1176 187 1218 me
203 1166 237 1219 et
252 1156 432 1220 industriae
449 1176 542 1219 meae
563 1154 687 1220 fructus
703 1164 736 1219 et
753 1154 904 1218 fortunae
925 1154 1117 1236 perdidisse.
1162 1150 1240 1228 Sed,
1256 1171 1331 1216 cum

132 1260 312 1341 cogitarem
328 1260 409 1325 haec
432 1260 513 1323 mihi
537 1269 646 1324 tecum
669 1269 801 1325 etcum
825 1259 1023 1341 quibusdam
1040 1279 1111 1322 esse
1134 1256 1331 1329 communia,

133 1372 166 1425 et
190 1383 264 1426 cum
288 1363 471 1447 frangerem
493 1365 560 1427 iam
579 1363 648 1447 ipse
671 1385 725 1427 me
746 1373 780 1426 et
799 1382 951 1446 cogerem
973 1362 1028 1426 illa
1049 1361 1132 1425 ferre
1147 1360 1332 1437 toleranter,

131 1465 297 1531 habebam
321 1489 388 1550 quo
411 1467 632 1550 confugerem,
656 1468 712 1531 ubi
735 1467 1010 1550 conquiescerem,
1026 1466 1117 1531 cuius
1134 1465 1166 1529 in
1181 1484 1332 1528 sermone
1348 1493 1378 1528 ιο

132 1581 166 1634 et
188 1573 352 1635 suavitate
374 1593 490 1637 omnes
512 1593 606 1636 curas
629 1571 826 1653 doloresque
849 1571 1070 1653 deponerem:
1104 1589 1189 1634 nunc
1220 1577 1331 1633 autem

131 1673 195 1738 hoc
218 1684 287 1738 tam
310 1678 402 1758 gravi
424 1676 559 1741 volnere
581 1676 682 1740 etiam
705 1676 771 1752 illa,
793 1696 880 1758 quae
902 1673 1111 1740 consanuisse
1126 1674 1332 1748 videbantur,

133 1780 363 1845 recrudescunt
377 1805 384 1857 3
408 1801 475 1845 non
491 1782 588 1854 enim,
599 1790 635 1845 ut
649 1790 720 1845 tum
738 1800 792 1844 me
806 1800 826 1842 a
842 1799 877 1842 re
892 1779 1026 1861 publica
1036 1787 1199 1842 maestum
1212 1777 1331 1841 domus

133 1881 331 1964 excipiebat,
346 1905 432 1966 quae
448 1885 577 1959 levaret,
594 1885 641 1948 sic
663 1904 750 1949 nunc
771 1885 873 1948 domo
894 1902 1042 1948 maerens
1064 1881 1108 1945 ad
1131 1901 1200 1944 rem
1222 1881 1331 1962 publi·

132 2004 204 2048 cam
229 1987 406 2071 confugere
429 2010 573 2071 possum,
597 1998 633 2053 ut
663 1989 696 2052 in
722 1988 793 2052 eius
823 1987 918 2052 bonis
947 1987 1163 2070 acquiescam.
1211 1985 1375 2068 Itaque15

131 2098 164 2152 et
188 2090 290 2154 domo
312 2093 430 2156 absum
456 2103 491 2158 et
517 2094 597 2170 foro,
619 2094 709 2175 quod
740 2112 801 2156 nec
830 2111 907 2156 eum
937 2090 1094 2169 dolorem,
1117 2110 1216 2172 quem
1247 2112 1267 2154 e
1295 2111 1331 2154 re

165 2284 187 2320 1.
215 2276 261 2320 Ex
288 2288 319 2322 ra
341 2278 464 2336 publica,
489 2277 570 2326 ‘from
593 2275 707 2341 political
754 2276 867 2326 stitution
887 2292 915 2325 aa
936 2274 988 2325 had
1010 2276 1123 2326 survived
1145 2272 1259 2326 eaesar‘s
1279 2275 1328 2326 vic·

130 2334 189 2386 lise!
222 2339 270 2403 Cp.
287 2338 334 2405 Ep.
346 2355 422 2405 91,9.
754 2349 817 2406 tory.

163 2405 346 2455 ornamentis
364 2444 370 2456 .
388 2442 394 2457 .
412 2422 502 2466 quae.
522 2422 705 2459 .oommemo·
787 2423 810 2472 9.
829 2412 1002 2466 szeram
1025 2443 1032 2460 .
1061 2443 1067 2456 .
1089 2410 1150 2464 inae
1177 2421 1232 2468 ma,
1262 2409 1329 2455 ‘was

129 2483 183 2529 raa,
198 2469 255 2519 ‘the
263 2471 418 2522 distinctions
426 2473 509 2524 which
519 2490 569 2537 you
578 2472 705 2523 mention!
753 2473 873 2537 breaking
883 2474 957 2523 down
971 2488 1013 2537 my
1028 2470 1180 2532 resolution:
1198 2475 1264 2521 ‘was
1274 2474 1328 2536 giv-

130 2534 179 2598 Cp.
191 2535 239 2600 Ep.
252 2537 294 2599 98,
306 2550 320 2600 5
339 2544 386 2599 ‘te,
403 2545 499 2604 patrem
514 2555 594 2599 sunm,
606 2546 705 2604 praeto·
752 2540 796 2604 ing
817 2537 888 2603 way,'
918 2538 1028 2603 ‘forcing
1053 2538 1146 2602 myseli
1169 2537 1223 2587 into
1245 2538 1329 2602 acqui·

129 2614 189 2660 rem,
202 2601 466 2668 consulem,augnrem
478 2605 585 2654 vidiae!
614 2605 704 2655 Cicero
753 2602 870 2655 escenoel
905 2605 952 2670 cp.
966 2604 1013 2669 Ep.
1026 2603 1194 2668 90,4·fregit
1207 2618 1327 2652 ..meum

129 2674 277 2716 mnstmean
292 2668 345 2719 that
360 2669 392 2718 he
407 2669 457 2719 had
475 2670 524 2720 lost
540 2670 583 2720 the
612 2671 704 2720 osition
751 2668 899 2721 consilium?
924 2666 1240 2734 ‘Frangere’-‘vincere.'
1265 2669 1326 2718 For·

127 2738 155 2779 to
166 2732 248 2782 which
260 2734 320 2783 such
331 2734 488 2786 distinctions
499 2737 569 2786 entitl
612 2736 673 2786 him.
750 2737 807 2786 call.
841 2736 889 2800 Cp.
908 2737 983 2786 Tusc.
1004 2737 1077 2800 Disp.
1100 2748 1122 2783 1.
1146 2748 1184 2794 21,
1203 2749 1253 2799 493
1277 2735 1327 2784 Pro

162 2809 184 2856 3.
203 2801 282 2847 Illud
298 2804 443 2863 aolaoium,
454 2802 498 2852 i.e.
516 2803 573 2852 ‘the
590 2802 704 2868 pleasure
750 2801 848 2862 snio,
864 2803 902 2851 18.

127 2862 157 2911 of
164 2862 269 2913 Tullia's
280 2866 389 2930 society!
784 2871 846 2927 nia,
861 2868 918 2917 ‘the
930 2866 1006 2916 losses
1017 2866 1030 2915 1
1041 2865 1104 2916 have
1116 2866 1221 2917 referred
1232 2864 1276 2916 to.’

160 2943 185 2989 4.
204 2933 271 2979 Non
294 2969 300 2981 .
323 2967 330 2981 .
357 2936 583 2990 impediebantur
599 2938 703 2992 cogita·
786 2947 823 2984 10.
842 2936 906 2989 Quo
918 2935 1106 2992 confugeram,
1118 2932 1182 2994 foll,
1195 2936 1225 2982 ‘a
1244 2932 1327 2998 refuge

128 2996 313 3110 thnplp,thlge,
320 3013 407 3048 course
421 3000 451 3049 oi
464 3016 507 3064 my
522 2999 642 3065 thoughts
652 3016 704 3049 was
750 2999 801 3116 {nd
811 2996 1012 3114 sseatmg-plaoess
1032 2998 1049 3048 i.
1057 3014 1079 3048 e.
1100 2996 1205 3048 Tullia’s
1224 3000 1326 3064 society.

126 3074 159 3107 no
218 3077 231 3109 e
265 3078 303 3111 e.
792 3103 798 3114 .
853 3104 858 3116 .
890 3080 900 3114 1
941 3102 947 3116 .

159 3128 325 3203 Arpinorum
340 3133 470 3190 negotiis,
483 3132 533 3195 ‘by
544 3134 665 3183 attention
677 3141 704 3184 to
773 3082 823 3180 pss·
834 3075 980 3182 ΡΗΞᾸὲω
991 3133 1071 3189 mvl
1089 3131 1326 3195 '01201'02‘0Wing

127 3205 170 3253 my
181 3190 279 3241 ineuds'
291 3193 374 3243 affairs
385 3196 410 3244 in
422 3195 463 3246 the
475 3205 558 3247 senate
567 3200 616 3248 and
627 3199 652 3248 in
661 3201 703 3252 the
750 3204 777 3247 to
788 3197 839 3248 this
850 3198 929 3261 heavy
941 3195 1023 3247 blow!
1057 3196 1144 3246 Ablat.
1161 3211 1226 3245 caus.

127 3257 359 3320 courtsoijustice?
783 3267 845 3322 Illa,
860 3260 1103 3313 ‘theoldwounda’
1129 3262 1177 3327 Cp.
1187 3262 1230 3311 the
1241 3262 1326 3327 begin·

160 3324 371 3386 Procurationa,
385 3326 616 3381 ‘administration’
643 3330 702 3381 For·
748 3329 811 3394 ning
822 3330 851 3379 of
858 3330 909 3379 this
921 3331 1023 3380 section.

126 3387 183 3436 cell·
783 3399 978 3456 Oonaanuiaaa,
1008 3393 1153 3459 apparently
1180 3394 1241 3445 used
1268 3392 1325 3444 here

160 3467 181 3514 5.
200 3456 578 3521 Inforo,‘aaanadvocate;’
594 3461 702 3528 perhaps
749 3461 808 3524 only
825 3462 851 3510 in
871 3478 887 3511 a
906 3459 1086 3525 metaphorical
1106 3474 1182 3509 sense.
1217 3459 1324 3510 Foroeii.

125 3517 362 3585 alsoasapopular
373 3531 463 3574 orator.
749 3526 839 3576 Hofm.
858 3543 914 3591 says
936 3526 992 3577 that
1013 3527 1033 3576 it
1055 3526 1076 3575 is
1098 3526 1211 3589 peculiar
1232 3534 1260 3576 to
1281 3525 1324 3576 the

159 3583 182 3632 6.
200 3589 336 3660 aspicere
356 3592 464 3638 auriam
484 3606 544 3641 non
563 3598 699 3650 poteram.
748 3591 831 3642 lettera
848 3593 877 3641 oi
890 3593 987 3642 Cicero.

126 3648 181 3726 The
197 3651 264 3715 srght
281 3653 310 3701 oi
323 3655 344 3702 it
361 3655 444 3704 would
461 3657 556 3706 remind
574 3657 626 3706 him
643 3659 700 3708 how
783 3671 820 3719 13.
839 3661 1059 3718 Raorudaaount,
1073 3660 1167 3707 ‘smart
1178 3656 1274 3708 afreslu'

125 3713 237 3766 different
246 3734 261 3765 a
270 3720 378 3781 position
387 3719 419 3771 he
427 3721 478 3770 had
487 3738 548 3773 once
556 3724 614 3773 held
623 3724 700 3775 there,
781 3726 862 3785 cum,
876 3724 967 3774 ‘while
978 3723 1064 3773 Tullia
1076 3722 1159 3774 lived]

159 3791 180 3843 7.
199 3785 361 3834 Industriaa
378 3822 385 3834 .
408 3821 415 3836 .
438 3793 468 3837 et
484 3790 625 3849 fortunae,
643 3790 700 3840 ‘the
780 3792 807 3836 Δ
823 3805 855 3839 ra
871 3793 986 3847 publiea
1001 3794 1148 3851 maestum,
1167 3788 1284 3852 ‘retirlng
1295 3788 1322 3838 in

124 3848 231 3895 rewards
246 3849 275 3897 of
288 3865 330 3913 my
345 3852 456 3917 industry
472 3854 522 3903 and
537 3856 598 3919 gifta
611 3855 640 3904 of
652 3856 699 3905 for·
747 3854 845 3904 aadnesa
858 3856 922 3904 from
940 3856 1025 3920 public
1040 3854 1098 3905 irie!
1133 3856 1273 3905 ‘Maestum
1290 3852 1323 3903 a’

123 3911 199 3989 tune,'
215 3920 242 3961 to
254 3915 335 3965 which
351 3917 440 3967 Cicero
455 3919 562 3970 allowed
579 3922 700 3971 consider·
746 3935 825 3969 seems
842 3929 869 3970 to
888 3921 954 3971 unite
972 3922 1021 3971 thia
1037 3922 1152 3986 meaning
1171 3920 1232 3970 with
1250 3919 1321 3969 ‘sad-

123 3977 181 4025 able
189 3979 480 4049 influenceinawarding
488 3986 574 4050 public
582 3986 699 4036 honours.
746 3985 827 4035 dened
847 3985 895 4051 by,'
915 3987 959 4036 but
982 3988 1024 4036 the
1044 3987 1214 4037 combination
1234 3985 1256 4033 is
1276 4000 1323 4034 one

124 4041 171 4106 Cp.
184 4045 339 4124 f¹⁰.M.¹¹¹⁸¹.¹·
354 4057 392 4111 ¹7·
416 4049 458 4099 He
470 4051 543 4101 refers
554 4051 611 4102 here
620 4058 650 4130 to
662 4053 701 4102 his
746 4049 835 4130 hardly
869 4053 961 4103 ossible
975 4061 1003 4102 to
1020 4054 1051 4103 be
1067 4052 1196 4117 expressed
1211 4052 1237 4100 in
1254 4051 1322 4117 Eng-

123 4109 259 4225 tilii?
257 4120 427 4243 titiis?
420 4115 700 4234 .i0i⁰1i¹i..⁰{‘⁶..¹t.t¹¹.i
746 4116 804 4167 ¹⁸¹¹·
854 4118 1215 4235 ‹⁹u.l25.{·lt¹3·f.t⁵ti..·

122 4238 183 4288 him.
217 4242 264 4305 Cp.
277 4259 310 4291 on
324 4246 595 4299 ‘omamenta'above
781 4261 819 4312 14
836 4253 928 4300 Domo
946 4288 952 4301 .
970 4286 976 4300 .
994 4252 1164 4308 confugero:
1181 4264 1221 4313 cp.
1234 4247 1320 4300 Madv.

156 4307 179 4353 8.
197 4308 284 4368 Haeo,
296 4309 360 4359 ‘this
372 4311 422 4360 loss
434 4313 464 4361 oi
473 4312 601 4377 position!
747 4324 804 4378 ²75,
815 4315 868 4365 oba
882 4330 904 4366 a.

157 4375 262 4421 rPanum
284 4381 313 4422 et
336 4390 401 4426 aum
422 4382 600 4442 quibusdam,
621 4381 699 4431 ‘with
781 4394 818 4444 15.
836 4385 876 4430 Ut
887 4419 893 4431 .
904 4421 911 4435 .
921 4386 1105 4446 acquiescam,
1118 4386 1161 4433 ‘to
1171 4383 1321 4439 derivecon.

122 4453 172 4500 you
192 4438 241 4486 and
261 4442 353 4490 certain
374 4442 457 4493 others
477 4445 489 4492 1
509 4446 590 4510 might
608 4446 698 4498 name!
745 4453 798 4498 tent
809 4448 872 4499 from
884 4452 916 4502 its
927 4450 1081 4517 prosperity!

123 4503 165 4554 He
182 4518 267 4555 meana
283 4507 345 4558 auch
366 4507 457 4560 friends
474 4510 503 4561 oi
519 4510 561 4562 the
581 4511 624 4563 old
641 4527 698 4564 cou-
780 4515 819 4567 16.
836 4519 928 4570 Domo
944 4523 1052 4585 absum,
1070 4515 1100 4566 ‘I
1110 4523 1165 4581 stay
1175 4531 1247 4585 away
1258 4520 1323 4574 from
