3030 5542
117 348 167 396 ur.
184 329 252 421 61.]
494 335 560 396 AD
583 334 800 398 ATTICUM
817 335 882 398 IX.
907 350 935 416 7.

1259 355 1322 422 343

116 502 286 582 ἂπόιηησις
302 526 376 570 mea
392 505 673 569 animadvertatur
683 516 751 581 aut,
766 507 794 570 si
810 527 870 572 nec
885 507 938 572 hic
951 527 1010 572 nec
1026 506 1092 572 illic
1108 527 1184 571 eum
1199 506 1323 584 videro,

83 627 102 673 a
117 608 303 673 devitatum
319 630 390 673 sea
407 630 460 673 me
476 619 578 693 putet.
610 609 710 692 Quod
726 620 839 675 autem
851 611 979 689 suades,
990 620 1026 675 ut
1042 611 1140 675 abeo
1159 621 1272 695 petam
1285 619 1323 675 ut

116 711 197 775 mihi
214 713 374 777 concedat
391 722 426 776 ut
443 713 530 777 idem
547 714 693 777 tribuam
710 712 880 798 Pompeio,
895 714 986 797 quod
1010 715 1072 799 ipsi
1090 714 1272 789 tribuerim,
1287 713 1320 778 id

116 836 172 879 me
189 816 254 878 iam
271 817 402 900 pridem
420 837 518 899 agere
533 816 707 898 intelleges
719 838 763 880 ex
776 816 894 882 litteris
907 818 1003 882 Balbi
1012 829 1046 882 et
1058 818 1169 902 Oppii,
1179 838 1320 901 quarum

115 919 272 1002 exempla
302 920 365 983 tibi
398 919 490 996 misi3
524 921 598 983 misi
631 921 733 984 etiam
766 918 916 986 Caesaris
945 922 988 985 ad
1018 942 1076 986 eos
1102 943 1182 985 sana
1210 931 1348 997 mente5

114 1024 264 1104 scriptas,
280 1044 347 1105 quo
364 1025 464 1087 modo
486 1024 518 1086 in
539 1033 634 1087 tanta
654 1025 789 1087 insania.
836 1023 894 1088 Sin
919 1025 998 1088 mihi
1023 1024 1145 1089 Caesar
1166 1024 1231 1089 hoc
1254 1045 1320 1088 non

112 1128 282 1200 concedat,
301 1127 399 1191 video
415 1128 475 1190 tibi
492 1127 623 1211 placere
638 1126 728 1204 illud,
742 1148 795 1190 me
810 1129 976 1207 πολίτευμα
992 1130 1034 1192 de
1049 1149 1131 1212 pace
1146 1129 1319 1211 suscipere,

113 1230 147 1293 in
163 1250 230 1312 quo
245 1251 309 1292 non
325 1231 508 1296 extimesco
523 1230 724 1313 periculum:
747 1251 822 1296 cum
839 1230 927 1295 enim
949 1240 1002 1295 tot
1024 1232 1248 1314 impendeant,
1263 1252 1320 1296 cur

111 1352 179 1396 non
194 1333 427 1398 honestissimo
442 1334 606 1415 depecisci
622 1334 745 1398 velim?
783 1333 851 1399 Sed
874 1353 991 1399 vereor
1006 1355 1047 1397 ne
1064 1335 1223 1418 Pompeio
1238 1335 1318 1418 quid

111 1437 221 1500 oneris
236 1439 415 1519 imponam,
1335 1472 1366 1507 10

394 1567 429 1638 μή
447 1590 491 1635 μοι
508 1567 631 1640 γοργείην
649 1570 766 1638 κεφαλὴν
785 1568 879 1623 δεινοῖο
896 1570 1017 1640 πελώρου

110 1705 318 1785 intorqueat3
342 1702 530 1767 mirandum
554 1704 642 1768 enim
673 1704 706 1767 in
729 1705 865 1768 modum
891 1703 1024 1769 Gnaeus
1055 1715 1166 1768 noster
1190 1703 1316 1769 Sullani

109 1808 201 1890 regni
217 1808 465 1871 similitudinem
482 1808 682 1891 concupivit.
728 1808 825 1874 Εἰδώς
846 1833 897 1871 σοι
915 1806 1004 1890 λέγω.
1051 1807 1142 1871 Nihil
1166 1808 1220 1871 ille
1243 1829 1316 1871 um-

110 1932 211 1994 quam
237 1912 344 1974 minus
367 1912 508 1975 obscure
530 1911 616 1975 tulit.
662 1910 768 1975 ‘Cum
789 1911 926 1975 hoccine
950 1910 1066 1994 igitur’
1083 1912 1210 1994 inquies
1226 1919 1317 1976 ‘esse

110 2014 203 2079 vis?’
235 2013 438 2078 Beneficium
455 2034 583 2097 sequor,
601 2014 682 2078 mihi
701 2016 806 2093 crede,
822 2036 889 2079 non
912 2036 1046 2080 causam
1064 2011 1116 2103 [ut
1133 2017 1165 2079 in
1182 2015 1316 2089 Milone,
1335 2042 1363 2091 ¹5

142 2204 190 2252 Ad
206 2207 312 2263 urbem,
331 2205 406 2251 ‘near
421 2210 449 2253 to
467 2200 562 2252 Rome.'
597 2202 689 2266 hletzg.
740 2203 830 2252 masth.
843 2203 944 2254 deCo‘r.
957 2220 982 2268 p.
997 2202 1315 2265 remuneraturum

109 2269 159 2317 and
171 2269 271 2317 Billerh.
284 2269 345 2318 both
356 2270 472 2317 translate
485 2272 491 2295 ⁶
502 2285 533 2317 on
545 2269 585 2317 his
595 2284 650 2332 way
663 2278 689 2318 to
739 2268 871 2329 πολίτευμα
881 2268 946 2330 ἐμόν,
956 2270 1037 2320 where
1045 2270 1064 2318 it
1072 2285 1157 2318 meana
1168 2272 1193 2317 ‘a
1202 2270 1316 2333 political

110 2333 208 2384 Rome!
243 2335 291 2383 But
303 2335 391 2383 Cicero
408 2334 455 2382 did
469 2341 534 2383 meet
548 2335 639 2383 Caesar
657 2349 688 2382 on
738 2333 862 2383 measure)

109 2399 148 2449 his
160 2416 216 2463 way
227 2408 254 2448 to
266 2400 353 2458 Rome,
366 2400 416 2447 and
428 2415 506 2449 seems
518 2399 576 2462 only
587 2408 614 2448 to
625 2400 688 2448 have
772 2401 795 2447 8.
814 2401 976 2460 1nquo,‘in
988 2400 1030 2449 the
1046 2397 1175 2463 discharge
1192 2400 1222 2448 of
1234 2399 1316 2451 which

109 2465 203 2515 wished
215 2471 243 2513 to
254 2466 329 2514 avoid
341 2465 451 2514 needless
462 2465 593 2529 publicity.
738 2463 818 2528 duty.’

145 2544 166 2579 r.
184 2529 338 2595 ἀπάντησις,
369 2535 426 2594 ‘my
454 2532 532 2594 going
559 2539 586 2579 to
619 2536 687 2593 greet
772 2534 835 2591 Tot,
848 2547 882 2580 se.
895 2528 1038 2594 ‘perienla'

109 2595 218 2645 Caesar!
258 2597 307 2661 Cp.
326 2597 372 2660 Ep.
391 2611 430 2660 59,
451 2610 462 2643 a
485 2597 522 2645 for
541 2595 584 2645 the
604 2595 687 2645 Greelc
771 2611 794 2659 9.
813 2599 1020 2646 Honestissimo
1040 2599 1187 2652 depecisci.
1222 2595 1262 2643 An
1282 2596 1316 2645 el-

108 2661 185 2711 word.
738 2660 834 2726 liptical
846 2663 1001 2725 expression:
1016 2664 1057 2709 ‘to
1066 2662 1167 2725 bargain
1177 2661 1215 2709 sor
1226 2676 1315 2725 escape

141 2731 204 2785 Hie,
218 2735 244 2776 at
255 2727 379 2776 Formiae.
737 2727 802 2775 lrom
813 2727 855 2776 the
867 2726 1142 2789 otherdangerswlrieh
1155 2728 1223 2775 beset
1235 2741 1275 2773 me
1284 2729 1315 2789 hy

140 2796 213 2851 Illic,
226 2799 251 2841 at
263 2808 292 2840 or
302 2809 360 2841 near
371 2800 398 2841 to
411 2792 498 2842 Rome.
737 2793 862 2857 incurring
871 2792 925 2840 that
935 2792 1016 2841 which
1028 2793 1049 2840 is
1061 2801 1125 2841 most
1136 2790 1314 2841 honourablez'

142 2872 165 2920 3.
191 2861 271 2906 Idem
301 2862 425 2907 tribuam
451 2895 458 2907 .
491 2895 496 2906 .
525 2858 683 2917 tribuerim,
737 2874 776 2921 cp.
790 2858 846 2907 Ter.
864 2858 964 2906 Phorm.
985 2870 1005 2905 1.
1024 2871 1047 2919 3,
1069 2858 1175 2920 14‘iam
1192 2857 1314 2921 depecisci

109 2924 192 2972 ‘shew
209 2940 236 2972 as
253 2924 327 2973 much
343 2923 427 2987 regard
448 2925 485 2972 sor
499 2925 610 2987 Pompey
628 2937 656 2970 aa
673 2922 686 2970 Ι
736 2931 815 2973 morte
827 2924 916 2988 cupio.'

106 2989 170 3038 have
192 2989 275 3037 shewn
298 2990 336 3037 lor
357 2988 471 3049 himsell,¹
491 2990 523 3053 by
545 2988 686 3052 ahstaining

107 3055 173 3103 from
184 3062 236 3103 acts
248 3055 277 3103 os
285 3054 398 3117 hostility
410 3056 506 3118 against
518 3054 603 3103 either.

141 3122 177 3167 Id
188 3135 232 3168 me
242 3156 248 3167 .
260 3123 431 3180 ,intellegere
442 3126 448 3145 ⁴
458 3136 507 3182 you
519 3121 571 3168 will
582 3135 621 3169 see
630 3118 684 3168 that

107 3184 121 3232 1
132 3185 195 3234 have
207 3185 267 3248 long
279 3187 339 3234 been
351 3185 469 3250 pleading
480 3186 517 3234 for
529 3186 600 3234 that.'

140 3266 163 3312 4.
183 3249 230 3298 Ex
246 3255 364 3300 litteris:
391 3267 429 3314 cp.
446 3251 486 3298 Ad
498 3252 550 3299 Att.
564 3267 587 3315 9.
601 3261 614 3313 7
627 3250 681 3309 A,1

108 3315 154 3363 ‘de
172 3331 202 3364 eo
220 3315 288 3379 qnod
305 3317 338 3364 ad
357 3331 403 3364 nos
422 3316 543 3380 scripsisti
561 3316 606 3365 tibi
626 3331 683 3364 con-

107 3381 191 3430 silium
204 3381 338 3431 dabimus.
351 3419 357 3430 .
370 3397 416 3430 nos
432 3383 453 3430 si
471 3382 497 3429 id
514 3383 581 3445 quod
598 3389 684 3430 nostro

106 3446 199 3495 iudicio
219 3448 351 3496 Caesarem
371 3446 450 3496 lacere
469 3456 582 3511 oportere
602 3447 683 3494 existi·

105 3527 211 3569 mamus,
224 3519 251 3559 ut
268 3513 341 3560 simul
354 3512 461 3561 Romam
479 3513 570 3561 venerit
582 3518 640 3575 agat
652 3512 684 3560 de

105 3578 306 3627 reconciliatione
316 3578 411 3640 gratiae
423 3593 481 3626 suae
491 3586 517 3626 et
527 3578 644 3641 Pompeii,
657 3577 683 3625 id

105 3658 162 3692 enm
182 3644 302 3692 facturum
324 3659 355 3692 ex
378 3644 433 3707 ipso
456 3659 636 3705 cognossemus,
659 3652 683 3691 te

105 3707 258 3757 hortaremur
275 3716 301 3756 ut
318 3708 394 3757 velles
414 3709 445 3757 iis
463 3708 537 3758 rebus
556 3710 679 3763 interesse,

105 3789 156 3837 qno
173 3773 269 3822 laeilius
286 3781 310 3821 et
327 3775 421 3822 maiore
438 3790 494 3823 eum
506 3774 627 3839 dignitate
640 3789 683 3838 per

104 3848 138 3952 Ee,
146 3840 189 3927 qni
199 3839 296 3904 utrique
307 3854 333 3888 es
344 3840 496 3901 coniunctus,
509 3856 546 3889 res
558 3846 611 3889 tota
623 3856 682 3889 con-

122 3912 179 3954 eret.

139 3973 242 4027 oppii:
261 3986 301 4035 cp.
314 3970 361 4035 Ep.
375 3980 413 4034 70,
428 3979 450 4034 7.

139 4035 162 4085 6.
190 4039 254 4092 Quo
282 4041 367 4086 modo
395 4040 425 4085 ln
453 4042 533 4087 tanta
560 4039 681 4096 insania,

105 4102 278 4166 ‘considering
288 4102 347 4151 how
358 4102 416 4151 mad
427 4119 442 4151 a
453 4118 540 4152 course
551 4101 583 4151 he
594 4104 616 4152 is
626 4117 682 4165 pur·

104 4166 191 4231 tuing.⁸
226 4167 498 4231 ‘Quomodo’=‘ut:'
517 4185 556 4233 ep.
575 4168 622 4232 Ep.
642 4168 682 4230 58,

106 4233 276 4347 3.CCaesar’s
295 4234 365 4283 letter
385 4235 406 4283 is
427 4233 505 4283 lound
524 4234 567 4282 Ad
583 4235 637 4282 att.
658 4248 681 4297 9.

141 4336 164 4428 7:
181 4368 268 4424 Illud,
282 4365 338 4414 ‘the
349 4365 420 4414 other
433 4381 519 4416 course
534 4363 638 4416 referred
655 4371 683 4412 to

104 4430 131 4479 ln
142 4446 187 4479 our
198 4429 421 4495 correspondence?

138 4495 292 4561 πολίτευμα,
311 4500 343 4546 ‘a
362 4493 532 4560 negotiation?
565 4497 612 4560 Cp.
633 4496 683 4545 De·

770 2993 815 3037 Ne
824 2991 974 3046 Pompelo.
988 3024 995 3037 .
1005 2991 1157 3046 imponam,
1167 2986 1226 3037 ‘lest
1235 2987 1249 3035 1
1257 2986 1315 3051 give

736 3055 847 3118 Pompey
857 3070 925 3103 some
933 3050 1048 3103 trouble.⁵
1081 3053 1094 3101 Ι
1104 3068 1216 3117 presnme
1225 3053 1314 3102 Cicero

736 3136 820 3169 means
830 3120 884 3169 that
896 3121 1006 3183 Pompey
1016 3134 1067 3167 was
1084 3134 1112 3167 so
1128 3118 1275 3167 committed
1286 3128 1313 3168 to

735 3201 755 3301 pi
761 3202 813 3234 war
828 3186 912 3299 poliicy
929 3184 983 3298 {hat
1003 3199 1052 3298 {ny
1066 3183 1164 3297 prohflielp¹
1176 3184 1206 3232 ot
1220 3183 1314 3233 media-

757 3268 789 3300 on
800 3267 855 3300 won
896 3267 928 3299 on
939 3267 956 3314 y
967 3266 1006 3299 ern
1024 3266 1101 3298 arrass
1166 3286 1173 3298 .

734 3331 816 3431 wollt
826 3314 1313 3445 ”lsttttltdt‘atrlttdlt

734 3456 788 3511 stay
799 3450 831 3511 by
843 3448 885 3496 the
897 3448 982 3496 Ocean
999 3446 1049 3496 and
1063 3447 1118 3495 talk
1129 3447 1189 3495 with
1202 3461 1271 3495 more
1287 3446 1317 3495 ol

733 3514 776 3562 the
790 3513 886 3563 shades.

770 3592 808 3626 ra.
826 3581 1001 3638 Interqueet,
1020 3577 1126 3627 ‘should
1147 3577 1203 3626 hurl
1222 3577 1247 3625 in
1270 3591 1312 3640 my

734 3642 804 3693 face!
838 3645 858 3691 F
860 3643 943 3692 orcell.

769 3712 879 3758 sullani
891 3712 972 3767 regni
983 3712 1208 3769 similitudinem,
1219 3708 1311 3757 ‘ades-

733 3775 825 3838 potism
837 3775 985 3838 resembling
996 3773 1103 3824 Salla's.’

770 3854 806 3902 13.
824 3838 912 3895 uuas,
935 3840 1015 3888 ‘from
1035 3841 1128 3890 certain
1145 3837 1312 3902 knowledge’

734 3905 823 3955 Cicero
842 3904 892 3953 had
909 3905 1032 3969 probably
1050 3906 1125 3954 heard
1144 3905 1237 3954 violent
1256 3904 1310 3952 lan·

768 3987 814 4034 age
831 3970 895 4019 lrom
912 3972 1023 4035 Pompey
1039 3979 1065 4020 at
1082 3971 1202 4027 Teanum,
1215 3985 1244 4018 or
1259 3968 1311 4016 had

751 4037 783 4085 ad
800 4036 860 4086 such
877 4036 1000 4100 language
1018 4036 1132 4101 reported
1143 4042 1170 4084 to
1181 4035 1234 4082 him
1246 4033 1310 4082 from

733 4103 843 4152 Luceria·
878 4102 925 4166 Cr·
944 4103 1008 4166 Era·
1028 4117 1068 4166 ⁵9,
1082 4116 1110 4161 η
1126 4099 1167 4160 6²,
1180 4113 1208 4159 ar
1225 4100 1265 4161 8³,
1278 4114 1310 4162 4³

732 4168 791 4217 lntr.
803 4176 830 4217 to
842 4168 900 4215 Part
912 4168 961 4227 III,
975 4170 987 4224 t
1002 4182 1025 4230 4.

769 4247 806 4297 14
820 4232 1062 4287 uuut=‘0stendit,
1070 4230 1155 4296 palam
1162 4227 1236 4280 fecit?
1249 4230 1309 4279 For·

733 4299 789 4348 cell.
823 4300 872 4363 Cp.
880 4298 928 4346 Pro
940 4297 1024 4347 Plane.
1035 4311 1072 4361 14,
1087 4311 1119 4359 34
1130 4296 1257 4345 ‘dolorem
1270 4295 1310 4347 hic

733 4365 791 4415 tulit
809 4363 886 4429 paulo
903 4360 1026 4426 apertius.’
1060 4363 1083 4411 It
1099 4377 1178 4410 seems
1194 4369 1221 4410 to
1237 4378 1310 4412 mean

733 4431 807 4480 much
818 4430 860 4478 the
871 4444 938 4478 same
950 4443 977 4476 as
989 4430 1064 4493 ‘prae
1075 4443 1101 4477 ee
1112 4427 1184 4477 tulit:

768 4509 807 4559 15.
825 4496 999 4545 Beneficium
1016 4531 1023 4545 .
1039 4529 1048 4546 .
1065 4508 1125 4543 non
1141 4508 1260 4553 caueam,
1279 4493 1310 4542 Ἰ
