3030 5542
182 386 243 445 216
529 385 577 444 M.
605 384 764 443 TULLII
789 381 1040 444 CICERONIS
1235 377 1328 468 [Pelei
1344 400 1380 444 11.

181 555 341 619 inclusum
358 552 439 618 illud
455 555 566 618 odium
590 554 767 619 multarum
785 554 854 619 eius
875 554 908 617 in
924 574 977 618 me
993 554 1191 629 iniuriarum,
1207 554 1296 636 quod
1317 575 1382 638 ego

180 658 334 723 effudisse
364 678 418 721 me
450 678 550 722 omne
578 657 769 735 arbitrabar,
796 658 964 721 residuum
995 666 1107 739 tamen
1141 657 1298 721 insciente
1327 677 1383 721 me

180 761 303 840 fuisset,
315 782 414 825 omne
426 772 560 845 repente
571 763 734 846 appamit.
762 762 840 845 Quo
852 761 986 843 quidem
1000 770 1149 845 tempore
1161 760 1234 843 ipso
1245 760 1381 845 quidam

179 865 339 943 homines,
354 875 387 929 et
407 865 508 928 iidem
530 864 587 943 illi,
601 886 685 948 quos
699 886 798 948 saepe
814 873 895 929 nutu
914 864 1218 947 significationeque
1237 864 1381 948 appelle,

155 987 254 1041 ficum
267 989 303 1031 se
316 968 499 1032 maximum
511 968 653 1032 fructum
666 971 791 1052 cepisse
802 969 949 1032 dicerent
958 989 1002 1031 ex
1013 968 1167 1032 libertate
1178 989 1253 1032 mea
1263 988 1383 1051 meque

180 1081 253 1135 tum
272 1072 415 1154 denique
438 1073 501 1136 sibi
524 1093 595 1137 esse
612 1073 719 1136 visum
741 1073 786 1136 rei
810 1071 972 1155 publicae,
994 1070 1101 1154 qualis
1123 1072 1267 1148 fuissem,
1290 1072 1382 1136 resti·

182 1185 300 1251 tutum,
318 1196 460 1257 cumque
478 1197 517 1240 ea
539 1177 707 1241 contentio
730 1176 810 1240 mihi
834 1195 992 1256 magnum
1016 1175 1116 1238 etiam
1140 1174 1219 1238 soris
1241 1174 1381 1239 fructum

182 1278 319 1357 tulisset,
338 1281 482 1362 gaudere
504 1301 540 1344 se
557 1281 714 1345 dicebant
736 1280 817 1343 mihi
833 1290 867 1344 et
889 1278 982 1342 illum
1002 1279 1169 1343 inimicum
1186 1288 1219 1343 et
1240 1299 1306 1354 eos,
1326 1280 1382 1362 qui

181 1383 214 1446 in
230 1384 346 1446 eadem
363 1403 461 1447 causa
477 1395 595 1460 essent,
611 1403 793 1467 numquam
813 1383 937 1448 amicos
953 1382 1100 1447 futuros:
1123 1403 1264 1466 quorum
1281 1382 1382 1466 iniqui

138 1516 167 1553 10
183 1507 351 1553 sermones
373 1507 448 1550 cum
472 1489 515 1552 ad
539 1508 593 1551 me
625 1509 685 1571 per
706 1488 859 1552 homines
888 1486 1139 1551 honestissimos
1163 1484 1384 1569 perferrentur

181 1614 322 1675 cumque
346 1592 522 1674 Pompeius
545 1592 591 1655 ita
615 1592 846 1667 contendisset,
866 1600 902 1654 ut
926 1591 1006 1654 nihil
1030 1609 1188 1673 umquam
1212 1589 1327 1673 magis,
1346 1599 1382 1652 ut

181 1717 255 1762 cum
274 1694 392 1759 Crasso
405 1695 544 1759 redirem
561 1695 594 1757 in
609 1695 761 1778 gratiam,
775 1693 962 1777 Caesarque
977 1715 1036 1778 per
1050 1694 1177 1758 litteras
1190 1693 1337 1757 maxima
1349 1712 1385 1756 se

182 1800 332 1864 molestia
348 1820 391 1862 ex
408 1797 463 1862 illa
479 1800 688 1863 contentione
703 1797 870 1862 adlectum
887 1799 1086 1875 ostenderet,
1101 1796 1202 1861 habui
1218 1817 1285 1860 non
1300 1805 1384 1860 tem·

181 1924 298 1988 porum
319 1902 427 1966 solum
451 1903 613 1966 rationem
633 1922 790 1976 meorum,
806 1901 865 1966 sed
889 1902 991 1966 etiam
1010 1912 1155 1979 naturae,
1172 1900 1385 1984 Crassusque,

138 2027 166 2075 ¹5
181 2016 219 2071 ut
234 2006 327 2089 quasi
344 2015 466 2070 testata
482 2006 607 2090 populo
623 2006 780 2070 Romano
791 2015 878 2070 esset
892 2016 1005 2070 nostra
1021 2006 1136 2088 gratia,
1148 2025 1254 2089 paene
1268 2025 1289 2068 a
1304 2007 1386 2071 meis

181 2109 321 2175 Laribus
335 2110 369 2171 in
384 2109 586 2193 provinciam
603 2119 653 2173 est
669 2109 857 2194 prolectus;
880 2129 968 2187 nam,
983 2129 1058 2174 cum
1075 2109 1154 2173 mihi
1170 2110 1385 2190 condixisset,

182 2214 312 2280 cenavit
328 2213 417 2296 apud
433 2213 533 2277 mein
545 2215 610 2277 mei
623 2214 735 2298 generi
753 2213 957 2299 Crassipedis
969 2213 1081 2278 hortis
1128 2213 1238 2297 Quam
1254 2214 1384 2278 obrem

182 2320 252 2384 eius
269 2337 410 2394 causam,
420 2318 509 2398 quod
525 2328 559 2382 te
574 2318 689 2382 scribis
704 2318 843 2396 audisse,
859 2339 980 2400 magna
996 2317 1083 2382 illius
1098 2317 1385 2383 commendatione

182 2431 372 2505 susceptam
392 2422 524 2485 delendi
540 2423 572 2485 in
588 2432 715 2499 senatu,
733 2424 817 2488 sicut
838 2444 912 2486 mea
927 2423 1010 2486 fides
1031 2422 1232 2506 postulabat.
1274 2419 1381 2484 Acce-
1394 2440 1426 2485 al

140 2549 172 2585 20
184 2526 272 2611 pisti,
284 2525 404 2609 quibus
416 2527 513 2590 rebus
525 2528 688 2591 adductus
697 2548 864 2613 quamque
880 2547 948 2592 rem
960 2547 1161 2610 causamque
1173 2524 1380 2602 defenderim,

217 2705 757 2754 1.1nolusnmllludodium..ln1urie·
845 2701 1386 2767 13.ttaeur..naturae,‘1paidregardro

180 2783 254 2829 rum,
267 2769 323 2817 ‘the
334 2776 411 2817 secret
424 2768 510 2818 hatred
522 2769 630 2835 inspired
642 2770 675 2833 by
682 2786 758 2833 many
810 2769 852 2820 the
864 2786 875 2818 s
909 2770 1019 2832 gestione
1030 2778 1075 2818 not
1086 2770 1145 2832 only
1156 2770 1185 2818 ol
1197 2770 1386 2819 circumstances

180 2849 279 2897 wrongs
301 2834 330 2882 ol
350 2834 388 2882 his
411 2843 438 2882 to
460 2832 515 2883 me'
549 2836 589 2884 On
612 2835 655 2885 the
678 2837 756 2899 genit.
810 2835 855 2884 but
879 2850 894 2883 o
927 2850 968 2898 my
988 2833 1088 2884 nature!
1122 2834 1191 2883 Man.
1220 2833 1306 2883 thinks
1331 2834 1386 2882 that

182 2900 359 2958 ‘iniuriarum’
372 2914 411 2963 cp.
425 2899 473 2964 Ep.
485 2915 508 2962 4,
524 2913 546 2957 s,
558 2908 623 2951 note.
811 2897 979 2964 ‘tempomm'
996 2899 1054 2950 here
1071 2915 1155 2951 means
1172 2900 1218 2949 ‘ol
1231 2915 1274 2964 my
1285 2897 1385 2950 calami·

218 2978 239 3026 3.
258 2967 348 3013 Omne
362 3001 383 3014 ..
394 2969 533 3022 apparuit,
546 2970 631 3015 ‘came
639 2964 760 3030 suddenly
809 2963 873 3016 nea’

180 3036 208 3081 to
214 3029 280 3094 light
287 3029 312 3078 iu
323 3029 354 3078 its
366 3029 411 3077 full
419 3029 517 3089 extent,'
526 3045 558 3079 sc.
569 3035 575 3056 ‘
585 3030 647 3079 illud
655 3029 758 3080 odium!
845 3044 882 3094 15.
901 3034 941 3079 Ut
956 3033 1036 3089 quasi
1053 3036 1155 3080 testata
1167 3068 1173 3081 .
1187 3067 1193 3079 .
1205 3033 1304 3091 tratis,
1318 3029 1386 3080 ‘that

216 3111 240 3158 4
257 3098 339 3142 Nutu
355 3098 615 3153 significationeque
638 3099 759 3157 appello,
811 3112 856 3145 our
872 3097 940 3160 good
956 3097 1150 3161 understanding
1166 3097 1248 3160 might
1262 3097 1300 3157 be,
1312 3111 1342 3145 so
1359 3104 1387 3145 to

184 3160 309 3209 ‘describe
322 3160 353 3221 by
363 3161 430 3223 signs
442 3161 491 3208 and
504 3159 586 3208 hints!
613 3162 653 3211 On
665 3161 706 3209 the
718 3177 758 3210 ex·
811 3177 862 3224 say,
874 3161 997 3225 solemnly
1007 3160 1130 3212 attested?
1162 3162 1210 3227 Cp.
1227 3161 1275 3227 Ep.
1289 3162 1312 3223 8,
1327 3175 1340 3210 a
1353 3177 1386 3210 on

184 3225 302 3290 pression,
312 3240 351 3289 cp.
360 3224 520 3288 Nagelsbach
531 3238 584 3288 137,
594 3237 650 3287 397.
672 3226 759 3275 Cicero
810 3224 931 3277 ‘testata’

183 3306 256 3340 never
267 3305 353 3338 names
363 3290 405 3339 the
416 3305 474 3337 men
485 3297 512 3338 to
520 3290 604 3339 whose
609 3290 721 3355 jealonsy
728 3291 760 3342 he
847 3292 884 3340 16.
903 3295 1091 3353 condixisset,
1105 3292 1170 3342 ‘had
1184 3291 1275 3342 ollered
1290 3299 1318 3342 to
1329 3290 1386 3342 visit

184 3355 296 3405 ascribed
308 3356 334 3402 in
345 3363 401 3420 part
412 3355 451 3403 his
459 3355 553 3419 change
565 3357 594 3405 ol
602 3357 697 3421 policy.‘
711 3359 759 3422 Cp.
811 3355 867 3409 me.'
908 3358 929 3406 F
931 3359 1013 3408 orcell.
1037 3359 1146 3424 explains
1170 3355 1331 3409 ‘condicere'
1352 3358 1387 3421 by

185 3425 213 3482 33
230 3433 316 3483 13-15.
812 3423 972 3472 ‘denunciare
981 3425 1054 3475 alicui
1063 3440 1089 3474 se
1100 3425 1167 3490 apud
1178 3440 1235 3475 eum
1244 3432 1386 3474 cenaturum

218 3500 240 3548 5.
259 3488 329 3533 Cum
347 3500 376 3534 se
389 3522 395 3535 .
408 3521 414 3535 .
427 3488 561 3547 dicerent,
575 3485 685 3551 ‘though
702 3488 761 3552 they
811 3488 867 3554 ipso
878 3487 992 3538 volente!

186 3551 295 3600 affirmed
312 3550 367 3599 that
383 3551 442 3615 they
453 3551 503 3599 had
520 3552 618 3601 derived
633 3560 702 3616 great
717 3554 760 3603 ad·
847 3564 883 3618 17.
901 3557 987 3612 Apud
1005 3570 1058 3604 me.
1093 3555 1181 3605 Cicero
1197 3553 1320 3619 probably
1337 3551 1386 3601 inr-

184 3623 290 3679 vantage
312 3617 376 3665 lrom
404 3632 446 3680 my
468 3617 666 3683 indepmdence.'
711 3619 759 3684 Cp.
810 3619 1144 3681 nishedenentertainment,
1157 3621 1196 3670 ior
1205 3619 1287 3670 which
1298 3617 1387 3669 Furius

185 3682 271 3730 Madv.
285 3684 341 3742 358,
354 3682 414 3730 Obs.
428 3696 452 3744 3,
463 3682 501 3731 lor
512 3683 561 3732 this
571 3699 614 3733 use
625 3685 655 3733 ol
663 3688 669 3712 ‘
680 3683 753 3734 cum)
810 3685 937 3750 Crassipes
948 3685 998 3735 lent
1009 3686 1048 3735 his
1059 3686 1171 3751 gardeus.

218 3745 242 3795 6.
261 3749 361 3802 Qualis
372 3749 497 3809 fuissem,
511 3748 578 3798 ‘lilre
589 3766 631 3813 my
642 3751 686 3799 old
697 3748 760 3801 sels?
845 3753 966 3800 Generi:
985 3766 1024 3815 cp.
1037 3752 1086 3817 Ep.
1099 3766 1137 3815 24,
1152 3766 1175 3811 2,
1186 3755 1252 3800 note.

219 3821 241 3875 7.
259 3816 303 3860 Ea
324 3817 477 3875 contentio,
503 3816 559 3878 ‘my
578 3815 677 3881 disputa
699 3815 760 3865 with
846 3819 883 3865 18.
902 3818 973 3865 nius
995 3832 1114 3867 eausam.
1158 3816 1245 3866 Cicero
1266 3813 1387 3865 defended

185 3875 303 3928 Crassus!
811 3882 854 3932 the
864 3881 971 3930 conduct
983 3883 1012 3931 ol
1023 3883 1126 3932 Crassus
1142 3883 1167 3931 in
1183 3882 1224 3930 the
1239 3889 1329 3941 senate,
1343 3881 1386 3928 but

218 3946 310 4004 noris,
323 3946 330 3970 ‘
340 3959 432 4008 among
442 3945 483 3994 the
494 3944 602 4011 people.’
811 3947 854 3996 did
876 3955 921 3997 not
943 3947 1022 4012 really
1039 3964 1054 3997 a
1074 3964 1149 4012 prove
1167 3947 1196 3996 ol
1210 3948 1236 3996 ie
1279 3945 1326 4010 Cp.
1345 3945 1387 3994 Ad

219 4009 242 4058 8.
261 4012 407 4069 Dicebant,
431 4014 487 4075 ‘yet
510 4011 580 4061 said’
612 4014 652 4062 An
674 4014 760 4064 adver·
812 4014 883 4062 Fam.
905 4026 927 4076 5.
945 4013 968 4073 8,
989 3965 1344 4076 sand4;AdAtt.413,
1365 4023 1387 4057 a.

186 4075 264 4124 sative
279 4075 435 4138 conjunction
446 4077 530 4126 would
545 4077 621 4127 make
634 4079 676 4128 the
692 4095 761 4129 sense
811 4079 915 4128 Crassus
927 4084 964 4127 set
975 4087 1018 4128 out
1030 4080 1067 4128 lor
1078 4079 1117 4127 his
1128 4078 1243 4143 province
1257 4075 1307 4126 late
1318 4076 1344 4124 in
1357 4089 1387 4139 55

185 4141 570 4201 crearenbutisostenomitted.
605 4145 652 4210 Cp.
663 4146 760 4211 Epir,
813 4155 870 4194 lac.
904 4144 952 4208 Cp.
964 4144 1025 4195 Intr.
1037 4153 1064 4194 to
1076 4146 1135 4194 Part
1146 4144 1179 4203 11,
1195 4149 1206 4202 5
1220 4144 1244 4192 8.

187 4221 209 4268 3,
222 4212 289 4264 note,
302 4221 333 4255 on
347 4223 371 4271 p.
386 4207 438 4256 168.
846 4211 1290 4268 Manneilliusoommendstione,
1300 4208 1389 4256 ‘under

219 4275 314 4332 Illum,
326 4290 359 4322 sc.
372 4274 495 4323 Crassum.
811 4283 897 4339 strong
907 4277 1145 4325 recommendatione
1160 4274 1224 4323 lrom
1235 4273 1346 4335 Caesar,'
1358 4287 1389 4322 or

218 4341 285 4397 Eos,
297 4353 331 4386 sc.
344 4339 490 4402 Pompeium
502 4347 526 4389 et
537 4340 676 4390 Caesarem.
812 4339 920 4404 perhaps
933 4340 1012 4389 ‘lrom
1024 4337 1149 4405 Pompey.'

222 4407 325 4452 11.1ta
352 4409 544 4453 contendisset
567 4440 573 4451 .
597 4441 603 4454 .
629 4420 761 4463 umquem
846 4418 885 4453 so.
904 4408 1300 4464 Quamquersmoansamqae,
1313 4402 1389 4454 ‘each

188 4473 284 4525 magis.
319 4469 358 4517 On
376 4469 418 4517 the
435 4469 477 4518 elli
522 4485 584 4533 ,cp
597 4470 682 4522 Madv.
695 4472 761 4535 478;
813 4485 924 4519 measure
941 4471 991 4519 and
1009 4469 1097 4520 osnse'
1114 4470 1197 4521 which
1216 4470 1228 4519 l
1245 4470 1309 4520 have
1326 4470 1388 4519 been

188 4534 277 4597 Zumpt
289 4533 317 4580 L.
327 4533 359 4581 G.
373 4543 427 4598 774,
441 4550 473 4583 nn
501 4542 566 4584 note.
812 4534 912 4585 blamed
922 4534 962 4585 ior
971 4537 1110 4601 delending.
