3030 5542
521 761 571 822 M.
599 759 760 821 TULLII
781 756 1034 821 CICERONIS
1212 749 1310 842 [raas
1324 772 1376 819 111.

578 984 710 1035 CICERO
734 984 867 1035 ATTICO
891 982 964 1034 SAL.

216 1128 419 1211 Scripseram
435 1128 477 1192 ad
495 1138 528 1192 te
544 1129 729 1211 epistolam,
744 1148 844 1211 quam
860 1128 974 1191 darem
990 1139 1058 1189 1111.
1077 1125 1171 1204 ldus3
1188 1125 1246 1190 sed
1262 1145 1304 1188 eo
1318 1125 1404 1188 dier

173 1233 208 1311 is,
231 1233 284 1297 cui
307 1235 385 1297 dare
406 1233 584 1310 volueram,
607 1253 673 1296 non
696 1243 746 1296 est
769 1230 944 1316 profectus.
988 1231 1089 1295 Venit
1112 1240 1224 1294 autem
1243 1249 1285 1293 eo
1300 1229 1375 1313 ipso

173 1338 228 1400 die
251 1336 307 1401 ille
322 1336 515 1419 ‘celeripes'
530 1357 629 1418 quem
655 1335 785 1400 Salvius
801 1336 949 1399 dixerat:
973 1334 1086 1399 attulit
1102 1334 1285 1397 uberrimas
1300 1343 1377 1397 tuas

172 1440 308 1517 litteras,
319 1461 405 1522 quae
421 1440 501 1504 mihi
514 1441 673 1523 quiddam
683 1440 777 1523 quasi
790 1439 967 1503 ‘animulae
978 1437 1142 1502 stillarunt
1151 1433 1172 1513 ;’
1190 1445 1375 1501 recreatum

147 1545 258 1619 renim
278 1565 415 1608 menon
436 1565 523 1626 queo
546 1545 663 1607 dicere.
709 1542 776 1608 Sed
800 1542 897 1624 plane
919 1548 954 1604 τὸ
977 1541 1108 1623 συνέχον
1130 1540 1286 1615 effecisti3
1309 1561 1375 1623 ego

172 1649 260 1712 enim
278 1668 345 1712 non
361 1648 427 1712 iam
445 1648 477 1711 id
494 1668 569 1729 ago,
586 1647 787 1724 mihicrede,
803 1656 840 1709 ut
859 1664 1033 1730 prosperos
1048 1646 1160 1708 exitus
1174 1664 1374 1726 consequar:

171 1752 219 1815 sic
242 1753 330 1814 enim
353 1752 459 1829 video,
476 1771 535 1815 nec
557 1752 688 1815 duobus
707 1750 758 1814 his
780 1750 862 1813 vivis
884 1770 944 1813 nec
967 1748 1030 1813 hoc
1054 1768 1119 1811 uno
1139 1768 1199 1811 nos
1215 1767 1375 1829 umquam

172 1876 242 1919 rem
258 1853 425 1938 publicam
441 1854 622 1920 habituros.
656 1855 709 1918 Ita
724 1874 832 1937 neque
850 1855 892 1917 de
906 1853 976 1917 otio
991 1862 1104 1916 nostro
1119 1872 1216 1934 spero
1231 1851 1298 1915 iam
1315 1871 1375 1915 nec

172 1958 274 2022 ullam
297 1958 510 2023 acerbitatem
534 1978 657 2022 recuso.
702 1957 817 2022 Unum
840 1957 920 2020 illud
943 1957 1211 2031 extimescebam,
1230 1975 1272 2019 ne
1293 1956 1374 2036 quid

129 2093 160 2128 10
172 2063 315 2145 turpiter
329 2063 479 2139 facerem,
491 2060 544 2124 vel
560 2062 678 2135 dicam,
691 2060 756 2124 iam
772 2061 930 2125 fecissem.
975 2060 1030 2125 Sic
1046 2080 1126 2142 ergo
1143 2058 1404 2134 habeto,salu-a

173 2175 260 2230 tates
275 2177 310 2230 te
326 2165 406 2227 mihi
423 2165 548 2229 litteras
571 2164 706 2240 misisse,
721 2184 829 2246 neque
851 2164 958 2228 solum
981 2163 1041 2228 has
1064 2161 1237 2246 longiores,
1252 2162 1375 2244 quibus

174 2266 254 2331 nihil
286 2278 397 2351 potest
428 2289 499 2331 esse
530 2267 738 2350 explicatius,
760 2268 840 2330 nihil
871 2267 1057 2350 perfectius,
1080 2268 1139 2330 sed
1169 2265 1271 2329 etiam
1301 2265 1375 2330 illas

172 2371 349 2445 breviores,
376 2373 408 2434 in
441 2371 562 2453 quibus
593 2371 656 2435 hoc
688 2370 769 2434 mihi
803 2371 1071 2435 iucundissimum
1105 2367 1174 2447 fuit,
1200 2369 1374 2433 consilium

141 2560 144 2564 y
174 2474 365 2556 factumque
381 2485 561 2538 nostrunra
573 2474 680 2539 Sexto
690 2475 831 2557 probari,
843 2483 1102 2558 pergratumque
1112 2473 1193 2535 mihi
1205 2484 1242 2537 tu
1259 2471 1375 2548 fecisti,

129 2601 158 2651 15
173 2599 193 2642 a
209 2598 276 2660 quo
292 2578 385 2660 diligi
401 2598 455 2641 me
471 2588 513 2655 et,
528 2579 609 2660 quid
625 2589 750 2642 rectum
767 2578 821 2654 sit,
838 2577 984 2660 intellegi
1008 2577 1086 2641 scio.
1132 2576 1281 2659 Longior
1296 2598 1375 2641 vero

173 2692 231 2745 tua
246 2681 387 2763 epistola
403 2702 469 2745 non
485 2702 538 2745 me
556 2680 673 2759 solum,
688 2682 746 2746 sed
764 2703 856 2746 meos
871 2703 986 2745 omnes
1006 2681 1210 2765 aegritudine
1231 2678 1375 2757 levavit3

173 2786 285 2867 itaque
307 2796 382 2849 utar
402 2796 462 2850 tuo
485 2786 622 2850 consilio
647 2797 680 2850 et
703 2808 759 2851 ero
782 2788 814 2849 in
838 2785 1024 2861 Formiano,
1047 2805 1088 2847 ne
1111 2785 1233 2848 autad
1258 2784 1374 2849 urbem

208 2947 229 2981 1.
247 2936 321 2984 1111.
334 2936 414 2995 Idus,
427 2938 476 2982 ‘on
488 2934 575 2984 March
590 2933 636 2985 12.'
797 2940 825 2985 to
834 2936 924 2984 submit
937 2941 964 2983 to
975 2950 1024 2998 any
1035 2932 1144 2996 cruelty.'

206 3013 229 3060 3.
247 3002 408 3056 celeripes.
425 3035 432 3047 .
448 3003 567 3058 dixerat,
581 3008 659 3064 ‘your
670 3001 745 3050 swift·
830 3014 853 3064 9.
871 3003 1106 3049 Extimesoebam.
1139 2998 1194 3047 Tne
1206 2997 1347 3062 imperfect,
1362 2999 1373 3048 1

172 3064 258 3114 footed
266 3081 359 3114 messen
378 3081 411 3124 er,
420 3065 449 3114 of
454 3066 537 3115 whom
545 3065 643 3116 Salvius
652 3064 746 3131 spolre.’
797 3065 878 3126 think,
899 3065 1023 3115 describes
1043 3065 1152 3115 Cicero’s
1172 3073 1235 3113 state
1255 3065 1283 3113 of
1303 3066 1374 3115 mind

173 3082 663 3196 ‘Iheword‘oeieripes’appearsuotto
673 3148 746 3182 occur
798 3132 880 3181 before
896 3131 928 3181 he
945 3130 1055 3181 received
1074 3128 1181 3179 Atticns'
1199 3130 1276 3179 letter.

172 3195 311 3255 elsewhere,
327 3196 376 3244 and
393 3197 500 3310 pehrhaps
517 3197 604 3246 Cicero
622 3205 709 3262 quotes
726 3198 745 3246 it
833 3211 870 3245 to.
887 3201 942 3246 Vel
953 3199 1053 3257 dicam,
1068 3205 1119 3256 ¹0r,
1131 3196 1164 3244 let
1177 3211 1217 3244 me
1226 3195 1302 3259 spealr
1313 3195 1374 3246 out.'

172 3261 237 3310 from
255 3261 360 3311 Salvius.
436 3262 542 3311 elatter
558 3278 609 3311 was
625 3272 746 3326 secretary
797 3261 889 3326 Metzg.

172 3327 222 3375 and
237 3326 323 3377 reader
336 3334 362 3376 to
378 3327 485 3376 Atticus.
519 3328 566 3390 Cp.
582 3328 625 3377 ad
641 3330 693 3377 Art.
708 3341 745 3390 1³·
832 3341 869 3376 11.
879 3326 1376 3385 Haslongrorestheleuermentioned

171 3391 386 3455 44,5;16.s,6.
797 3390 1098 3450 inflas‘uberrimae!

205 3474 228 3520 4
247 3460 409 3514 Quaemihi
427 3493 433 3505 .
452 3492 458 3505 .
476 3461 628 3517 stillarunt,
647 3458 745 3508 ‘which
832 3472 869 3507 12.
887 3462 1072 3518 Explicatius,
1087 3462 1169 3506 ‘more
1177 3454 1301 3506 detailed.'
1331 3459 1375 3509 ci-

171 3538 235 3586 gave
247 3538 286 3571 me
298 3539 313 3570 a
330 3522 395 3572 little
412 3521 464 3582 life,
478 3523 541 3586 drop
556 3527 588 3586 by
603 3522 666 3588 drop
683 3539 710 3571 as
727 3525 746 3574 it
796 3539 853 3573 cero
870 3539 949 3573 seems
966 3531 993 3573 to
1010 3525 1072 3573 bave
1095 3523 1205 3572 received
1222 3533 1272 3572 two
1289 3524 1375 3574 letters

171 3586 250 3637 were?
289 3588 443 3651 Apparently
462 3603 477 3635 a
493 3588 626 3700 {notation
647 3589 709 3638 from
729 3605 745 3637 a
796 3589 860 3637 from
876 3591 974 3639 Atticus
985 3589 1179 3638 withinashort
1190 3604 1263 3652 space
1274 3590 1303 3637 of
1310 3592 1374 3641 each

171 3660 239 3717 poet.
259 3655 394 3700 Animula
404 3668 485 3701 recurs
516 3668 540 3716 p.
550 3654 589 3716 98,
600 3672 623 3713 4.
637 3654 743 3703 Forcell.
795 3655 873 3704 other.

171 3733 228 3781 says
245 3717 286 3766 the
303 3718 449 3766 diminutive
469 3721 613 3781 ‘usurpatur
629 3720 668 3769 vel
686 3736 744 3770 con·
830 3733 866 3783 14.
884 3725 911 3770 A
924 3723 1018 3779 Sexto,
1031 3735 1065 3769 sc.
1083 3719 1229 3769 Peducaeo:
1249 3734 1289 3769 see
1306 3721 1373 3786 Epp.

172 3789 281 3846 templus
292 3783 332 3831 vel
343 3782 479 3832 blanditiae
490 3781 580 3832 cansa!
794 3799 834 3848 41,
850 3800 879 3845 1;
897 3788 936 3850 48,
949 3800 978 3848 33
995 3786 1035 3846 63,
1051 3799 1089 3834 10.

205 3851 381 3908 Beorestum,
396 3848 521 3897 ‘restored
532 3857 558 3897 to
570 3846 671 3899 healths
829 3865 865 3914 15.
883 3854 910 3899 A
918 3867 974 3909 quo
986 3887 992 3900 .
1006 3887 1012 3899 .
1025 3855 1092 3911 scio,
1102 3859 1108 3878 ⁸
1118 3853 1130 3900 1
1139 3867 1248 3914 seeyonr
1256 3850 1374 3901 affection

205 3927 227 3976 5.
245 3910 277 3961 τὸ
296 3910 413 3973 συνέχον,
433 3913 489 3963 ‘the
507 3923 564 3962 next
582 3915 636 3964 best
656 3914 743 3979 thing!
793 3915 833 3966 for
855 3933 894 3966 me
917 3917 978 3966 does
999 3924 1043 3965 not
1063 3917 1133 3965 blind
1151 3933 1200 3981 you
1219 3924 1246 3965 to
1263 3917 1331 3965 what
1352 3918 1374 3966 is

172 3978 267 4027 Manut
304 3978 424 4040 Polybius
439 3980 474 4039 (a.
493 3981 534 4029 12)
550 3995 606 4043 says
619 3980 648 4029 of
659 3981 747 4030 oneof
793 3983 875 4047 rigbt¹
909 3983 976 4031 Tbat
996 3983 1024 4041 is,
1044 3982 1149 4033 Atticus’
1168 3981 1302 4046 friendship
1322 3997 1374 4031 was

172 4043 214 4093 the
231 4043 370 4107 provisions
388 4043 417 4092 of
433 4060 448 4091 a
464 4052 543 4106 treaty
559 4046 589 4091 τὸ
607 4045 743 4108 συνέχονδ
795 4047 844 4097 free
864 4047 927 4096 from
948 4049 1081 4105 weakness,
1100 4049 1148 4096 and
1165 4048 1262 4111 jealous
1285 4047 1315 4096 of
1333 4047 1374 4098 his

170 4107 280 4169 μάλιστα
307 4106 364 4169 πρὸς
391 4107 447 4158 τοὺς
470 4109 592 4173 Ἕλληνας
620 4110 742 4172 διέτεινεν,
794 4111 1002 4162 frieud'sbonour.
1027 4114 1075 4161 But
1084 4113 1218 4172 Lehmann,
1228 4129 1271 4177 pp.
1279 4115 1373 4176 48-50,

171 4173 253 4223 where
265 4173 307 4222 the
317 4174 399 4222 words
410 4190 476 4224 seem
487 4184 514 4226 to
525 4192 596 4226 mean
611 4181 686 4228 ‘most
698 4179 745 4228 im·
795 4178 879 4227 thinks
895 4178 949 4228 that
967 4178 1009 4227 the
1026 4179 1108 4226 words
1121 4183 1150 4228 ‘a
1167 4180 1231 4242 quo'
1249 4185 1276 4227 to
1289 4178 1373 4228 ‘scio'

170 4237 286 4304 portant.'
795 4244 913 4292 inclusive
941 4245 1001 4293 refer
1023 4252 1051 4292 to
1074 4244 1221 4304 Peducaeus,
1246 4243 1295 4293 and
1317 4244 1373 4294 that

203 4303 226 4353 6.
246 4306 313 4353 Non
334 4305 391 4354 lam
412 4309 444 4355 id
463 4321 516 4364 sao
531 4343 538 4356 .
555 4343 561 4357 .
581 4324 742 4371 consequar,
795 4309 935 4373 something
948 4309 993 4358 has
1004 4309 1116 4373 dropped
1129 4317 1172 4358 out
1184 4309 1246 4358 after
1258 4313 1264 4337 ⁶
1274 4308 1375 4370 fecisti,’

171 4370 201 4418 ‘I
220 4385 261 4417 am
284 4385 317 4417 no
341 4371 428 4436 longer
449 4373 551 4438 secking
572 4380 600 4424 to
623 4392 705 4425 secure
728 4391 743 4424 a
795 4377 911 4439 meaning
935 4378 978 4423 ‘in
1006 4376 1164 4439 acquainting
1187 4390 1226 4424 me
1249 4375 1309 4424 with
1333 4376 1373 4426 his

171 4450 319 4549 prosperous
336 4434 427 4488 result)
473 4439 513 4488 On
534 4439 577 4488 ‘id
595 4439 684 4506 agere,'
703 4456 743 4506 cp.
795 4439 916 4505 opinion?
949 4440 991 4489 He
1008 4447 1120 4505 suggests
1134 4441 1214 4505 ‘quod
1225 4456 1265 4488 me
1277 4440 1373 4491 deeius

193 4516 218 4565 p.
236 4516 276 4563 44,
296 4511 318 4564 7,
337 4509 403 4553 note.
793 4506 887 4556 iudicio
904 4506 1032 4555 certiorem
1046 4504 1140 4555 fecisti.'
1175 4505 1224 4554 But
1236 4506 1317 4569 might
1328 4516 1373 4557 not

204 4575 226 4629 7.
239 4569 717 4636 Duobnshis,i.eCaesarandPompe
734 4608 740 4621 .
794 4572 893 4621 Atticus
909 4571 1058 4621 understand
1071 4572 1175 4620 without
1192 4587 1240 4634 any
1257 4571 1318 4620 such
1331 4586 1374 4622 ex-

203 4635 265 4681 Eoc
276 4648 341 4693 uno,
359 4650 392 4683 sc.
410 4635 496 4686 ‘vivo'
531 4637 574 4685 He
584 4638 657 4687 refers
669 4653 715 4701 pro
792 4637 924 4701 planation
943 4638 981 4686 for
997 4637 1064 4686 what
1082 4637 1170 4688 Cicero
1188 4653 1238 4685 was
1254 4638 1371 4701 grateful,

170 4696 230 4760 ably
241 4704 268 4747 to
283 4698 381 4749 Caesar.
792 4703 931 4767 supposing
952 4702 1007 4753 that
1030 4705 1063 4752 ‘a
1085 4702 1149 4766 quo’
1172 4702 1233 4751 does
1259 4702 1322 4753 refer
1344 4712 1371 4753 to

203 4763 483 4827 alsemannum,
503 4769 536 4816 ‘a
556 4766 742 4816 constitutional
791 4767 950 4817 Peducaeus?

169 4828 346 4893 govemment.’
827 4842 863 4895 17.
882 4837 948 4895 Ero,
962 4832 1043 4884 ‘shall
1054 4833 1147 4883 remaiu
1158 4832 1199 4882 till
1211 4833 1322 4884 Csesar's
1334 4850 1370 4884 re·

203 4896 741 4957 Neoullsm..reouso,‘nord01refuse
790 4899 863 4948 turn.⁸
