3030 5542
138 358 186 407 n».
204 336 271 428 29·]
491 343 557 403 AD
580 326 879 405 FAMILIARES
899 346 927 407 r.
952 364 983 426 9.
1277 357 1339 425 215

139 522 218 585 dare
233 521 330 596 enim,
344 521 463 604 quibus
479 522 702 587 laudationem
715 543 759 586 ex
769 523 892 588 ultimis
903 524 996 589 terris
1012 523 1148 589 miseris.
1193 526 1265 590 Nec
1276 524 1340 590 hoc

139 624 366 706 pertimueris;
397 647 474 689 nam
498 647 518 689 a
545 647 598 689 me
624 627 697 710 ipso
719 626 897 691 laudantur
918 637 951 692 et
981 626 1204 692 laudabuntur
1228 629 1339 695 iidem.

140 726 207 792 Sed
221 739 334 793 tamen
350 729 548 795 defendendi
563 731 687 794 Vatinii
708 730 768 794 fuit
787 731 888 795 etiam
906 731 961 795 ille
975 732 1137 812 stimulus,
1152 734 1194 797 de
1216 754 1283 815 quo
1306 734 1340 796 in

139 833 270 911 iudicio,
285 854 361 898 cum
385 833 476 897 illum
492 834 714 911 defenderem,
730 835 802 897 dixi
824 854 877 899 me
893 834 999 899 facere
1013 837 1182 917 quiddam,
1198 838 1288 919 quod
1307 837 1339 899 in

142 931 302 998 Eunucho
318 934 482 1016 parasitus
497 935 649 998 suaderet
666 934 781 998 militi:
1354 962 1368 1009 5

386 1060 434 1115 ubi
452 1061 608 1116 nominabit
628 1061 805 1128 Phaedriam,
824 1072 854 1117 tu
874 1062 1051 1132 Pamphilam

388 1144 530 1200 continuo.
567 1144 598 1200 Si
617 1145 730 1215 quando
749 1144 797 1198 illa
814 1144 888 1199 dicet
908 1146 1094 1200 ‘Phaedriam

388 1227 461 1282 intro
480 1228 624 1283 mittamus
642 1226 841 1293 comissatum,’
861 1227 1038 1298 Pamphilam

390 1322 534 1366 cantatum
552 1327 746 1381 provocemus.
783 1311 814 1366 Si
833 1311 958 1366 laudabit
977 1312 1048 1367 haec

389 1392 461 1448 illius
481 1395 609 1460 formam,
628 1403 658 1447 tu
677 1393 760 1448 huius
779 1403 893 1462 contra3
919 1393 1041 1465 denique
1358 1428 1389 1463 10

389 1494 442 1547 par
459 1494 510 1547 pro
530 1477 590 1547 pari
609 1477 720 1545 referto,
739 1478 814 1548 quod
833 1495 896 1532 eam
915 1479 1050 1533 mordeat.

141 1607 187 1671 sic
203 1607 303 1691 petivi
320 1628 340 1671 a
355 1608 518 1672 iudicibus
536 1615 582 1682 ut,
598 1608 756 1691 quoniam
772 1607 909 1689 quidam
934 1606 1061 1673 nobiles
1081 1606 1234 1673 homines
1251 1610 1343 1675 etde

144 1732 197 1775 me
218 1713 345 1793 optime
369 1712 476 1776 meriti
511 1712 609 1775 nimis
635 1721 786 1775 amarent
818 1710 985 1776 inimicum
1018 1734 1128 1777 meum
1152 1734 1271 1796 meque
1294 1714 1342 1776 in-

142 1825 313 1898 spectante
335 1836 435 1898 saepe
458 1836 533 1879 eum
557 1816 589 1878 in
613 1826 729 1879 senatu
753 1816 853 1879 modo
877 1837 989 1881 severe
1014 1818 1218 1893 seducerent,
1243 1817 1344 1881 modo

143 1917 347 1982 familiariter
360 1930 461 2002 atque
475 1917 577 1982 hilare
592 1917 869 2002 amplexarentur,
884 1920 1107 2004 quoniamque
1122 1921 1169 1984 illi
1184 1920 1343 1985 haberent
1361 1946 1389 1994 ¹5

142 2042 237 2085 suum
256 2021 418 2099 Publium,
434 2023 551 2086 darent
573 2021 653 2085 mihi
676 2022 738 2103 ipsi
761 2021 862 2085 alium
887 2021 1050 2102 Publium,
1069 2024 1101 2087 iu
1122 2046 1190 2107 quo
1212 2044 1344 2107 possem

144 2123 274 2189 illorum
297 2127 428 2190 animos
452 2126 661 2190 mediocriter
682 2125 854 2190 lacessitus
876 2127 992 2192 leviter
1014 2148 1213 2212 repungere3
1237 2149 1345 2210 neque

143 2229 251 2292 solum
273 2230 354 2308 dixi,
368 2229 426 2293 sed
449 2230 549 2293 etiam
571 2249 670 2312 saepe
690 2229 775 2294 facio
797 2229 868 2293 deis
888 2230 1141 2315 hominibusque
1156 2232 1345 2316 adprobau-

91 2333 240 2397 notibus.
288 2333 402 2398 Habes
425 2333 467 2397 de
483 2333 626 2410 Vatinio,
642 2353 802 2417 cognosce
825 2335 868 2398 de
891 2333 1021 2400 Crasso.
1068 2335 1152 2417 Ego,
1168 2356 1243 2400 cum
1265 2334 1345 2398 mihi

143 2458 219 2502 cum
242 2437 298 2501 illo
322 2458 444 2521 magna
468 2437 533 2501 iam
555 2437 662 2520 gratia
684 2447 781 2513 esset,
795 2439 885 2519 quod
903 2439 973 2503 eius
997 2459 1112 2503 omnes
1134 2439 1346 2521 gravissimas
1362 2471 1392 2505 20

146 2542 277 2606 iniurias
292 2542 477 2606 communis
493 2541 688 2606 concordiae
709 2561 808 2604 causa
822 2541 1006 2605 voluntaria
1021 2543 1165 2624 quadarn
1182 2541 1347 2606 oblivione.

145 2646 373 2720 contriveram,
384 2645 589 2727 repentinam
600 2645 669 2708 eius
678 2644 903 2709 defensionem
918 2645 1060 2723 Gabinii,
1071 2666 1170 2727 quem
1183 2645 1346 2729 proximis

147 2743 400 2836 [superioribus]
425 2749 542 2813 diebus
565 2748 721 2812 acerrime
744 2756 978 2832 oppugnasset,
1000 2758 1123 2826 tamen,
1139 2749 1166 2812 si
1186 2749 1256 2812 sine
1280 2749 1347 2812 ulla

146 2874 220 2917 mea
235 2852 436 2917 contumelia
450 2852 658 2935 suscepisset,
674 2852 822 2916 tulissem
836 2873 843 2929 ;
863 2852 931 2928 sed,
950 2871 1025 2915 cum
1042 2871 1096 2913 me
1111 2851 1347 2934 disputantem,

145 2977 210 3020 uon
226 2956 442 3020 lacessentem
459 2954 616 3032 laesisset,
636 2955 745 3019 exarsi
766 2975 832 3018 non
848 2953 957 3019 solum
973 2954 1143 3037 praesenti,
1160 2954 1267 3031 credo,
1283 2954 1346 3019 ira·
1363 2985 1391 3033 ²5

144 3061 386 3125 cundia-nam
407 3069 536 3123 eatam
552 3059 729 3123 vehemens
750 3059 889 3123 fortasse
912 3079 978 3122 non
998 3059 1164 3137 fuisset-,
1179 3060 1247 3136 sed,
1270 3079 1345 3124 cum

179 3247 201 3295 3.
218 3236 272 3281 Illa
290 3235 431 3282 stimulus.
472 3232 528 3282 'ibe
550 3247 663 3297 psonoun
683 3245 720 3281 re·
771 3231 858 3294 geutly
879 3230 905 3280 in
927 3228 1025 3281 return?
1068 3229 1243 3296 ‘Repungere’
1268 3246 1347 3282 seems

146 3299 193 3349 fers
204 3307 231 3348 to
242 3298 308 3347 what
320 3297 435 3355 follows
453 3313 492 3363 cp.
506 3299 552 3362 Ep.
565 3312 588 3360 5,
601 3310 625 3359 3,
637 3304 704 3346 note
772 3297 831 3360 only
841 3297 1000 3346 tobefound
1011 3296 1076 3347 bere

179 3380 202 3426 4
220 3368 268 3413 Me
285 3366 401 3414 faeere.
420 3366 538 3421 ‚militi
557 3363 625 3412 ‘that
642 3363 654 3412 1
671 3376 722 3410 was
807 3363 845 3410 18.
864 3365 939 3421 Dixi,
953 3378 986 3411 sc.
998 3360 1203 3413 ‘Jmesacturum

145 3429 222 3494 doing
230 3430 297 3478 what
305 3430 347 3478 the
354 3429 460 3494 parasite
468 3428 638 3478 recommends
646 3425 722 3477 tothe
808 3441 817 3474 1
863 3399 960 3477 Habiss
971 3431 1006 3477 do
1017 3431 1142 3478 VstInlo.
1176 3427 1282 3478 Forcell.
1292 3443 1348 3491 says

145 3495 265 3547 soldier
259 3511 284 3543 ιιι
306 3494 348 3544 the
370 3493 520 3544 Eunuchus!
553 3494 600 3559 Cp.
625 3493 722 3542 Terent
772 3443 935 3552 ‘haime‘
927 3491 1044 3553 ‘audire’
1061 3493 1231 3558 ‘'intelllgere
1245 3495 1272 3542 in
1286 3494 1347 3543 such

145 3562 256 3610 Eunuch.
273 3573 295 3620 3.
309 3573 319 3607 ι
325 3574 382 3622 ,.5ο
417 3560 510 3609 Outhe
521 3566 589 3609 tense
607 3559 657 3607 of‘
667 3574 723 3607 sus·
773 3574 891 3623 passages
907 3574 935 3608 ss
950 3558 1007 3608 this.
1042 3555 1345 3622 ‘EnoughofVatiniusJ

145 3625 230 3686 deret,’
251 3597 333 3675 which
351 3625 449 3674 follows
465 3625 518 3674 that
536 3624 565 3673 of
583 3621 666 3682 ‘dixi,'
683 3638 723 3688 cp.
773 3623 822 3688 Cp.
835 3624 882 3688 Ep
895 3624 918 3682 8,
930 3623 954 3683 6,
966 3632 1025 3674 note
1036 3640 1105 3690 onp
1119 3637 1158 3688 53.

147 3692 233 3740 Madv.
247 3691 302 3752 383.
338 3691 413 3740 The·
422 3688 556 3755 parasitus'
569 3689 591 3738 is
606 3688 724 3746 Gnath0;
807 3659 966 3747 cognos'os:
984 3706 1024 3754 cp.
1042 3690 1088 3755 Ep.
1107 3689 1146 3751 36,
1165 3704 1181 3753 9
1199 3696 1279 3739 nunc
1290 3704 1348 3752 cog

145 3757 187 3807 the
205 3753 305 3805 ‘miles’
322 3756 426 3805 Thraso.
460 3756 514 3805 The
531 3756 624 3819 import
639 3754 668 3802 of
682 3754 724 3802 the
774 3769 847 3804 nosce
859 3754 890 3804 de
902 3755 994 3804 Bruto

145 3823 232 3872 advice
243 3821 353 3886 quoted
346 3836 375 3877 rs
388 3821 429 3869 ll
437 3837 499 3885 your
510 3821 617 3870 mistress
625 3834 724 3868 arouses
808 3833 846 3869 ιι.
865 3823 1070 3880 contriveram,
1082 3819 1349 3870 ‘hadtroddenunder

148 3904 210 3952 your
225 3886 340 3950 jeaiousy
358 3887 392 3951 by
404 3887 530 3963 speaking
547 3886 576 3934 of
593 3885 722 3943 Phaedria,
773 3883 843 3940 foot,’
855 3883 979 3934 ‘Reifaced
1012 3886 1119 3936 Forcell.

147 3969 223 4017 repay
234 3953 279 4001 her
290 3954 324 4015 by
335 3952 488 4016 mentioniug
500 3948 650 4016 Pamphila!
807 3953 1008 4000 Dsfeuslonsm
1021 3954 1144 4001 Gabinii.
1178 3952 1281 4000 Crassus
1299 3948 1351 3997 bad

182 4032 219 4067 ra.
238 4020 665 4074 desm..in1mioummsum.
684 4030 723 4080 cp
774 4015 895 4066 defended
905 4016 1028 4066 Gabinius
1036 4017 1107 4066 when
1117 4018 1148 4065 he
1159 4017 1207 4065 and
1220 4015 1278 4064 Piso
1287 4029 1351 4063 were

148 4088 161 4143 ς
177 4098 187 4131 ι
191 4099 215 4146 5
227 4091 293 4132 note.
773 4081 877 4131 sccused
890 4082 919 4131 of
925 4083 1134 4146 misgovemment
1146 4084 1172 4130 in
1185 4080 1216 4144 56
1229 4092 1252 4128 u.
1259 4093 1282 4130 c.

183 4146 655 4233 14.s0verosedu00rsnr,1edande
663 4146 723 4196 with
808 4161 846 4208 ι3
865 4148 1272 4202 Sinoullsmssoontumelin‘
1278 4144 1350 4193 with·

147 4230 163 4263 a
180 4215 273 4264 serious
290 4211 342 4272 air,'
360 4230 388 4263 ss
405 4214 426 4263 if
438 4213 477 4262 for
493 4214 641 4262 conference.
676 4213 724 4297 Cp.
774 4220 817 4262 out
829 4229 878 4275 any
889 4213 964 4262 sbuse
977 4213 1005 4261 of
1013 4212 1068 4263 me
1096 4215 1146 4262 For
1156 4213 1206 4261 thrs
1217 4226 1259 4259 use
1271 4209 1300 4258 of
1307 4209 1351 4258 the

148 4281 197 4329 Pro
209 4281 304 4329 Muren
319 4295 356 4343 24,
370 4295 401 4344 49
414 4278 586 4328 seductiones
597 4275 713 4326 tesnum
774 4278 912 4342 possessive
935 4294 1056 4343 prououn,
1080 4294 1119 4343 cp.
1143 4276 1228 4325 Madv.
1258 4274 1350 4339 297b,

183 4344 221 4393 16.
238 4349 336 4394 Alium
345 4347 488 4393 Publium.
514 4344 724 4407 Tbeprsenomen
774 4344 870 4394 Obsi.

149 4411 179 4461 of
185 4411 302 4460 Vatinius
313 4426 364 4459 was
376 4411 487 4460 Publius.
809 4422 848 4471 ²4·
865 4411 1074 4467 Disputsutem,
1091 4406 1206 4471 merely‘
1215 4405 1349 4471 debating‚'

185 4489 222 4540 ι3.
240 4479 358 4527 Leviter
373 4489 538 4535 repungor-s,
551 4475 639 4541 ‘prick
656 4475 725 4524 them
775 4472 912 4539 ‘arguingi
947 4474 1054 4524 Forcell.
