3030 5542
148 404 195 451 aa.
213 382 280 473 γα]
481 388 547 449 AD
568 386 866 449 FAMILIARES
884 387 934 450 II.
960 385 1007 450 16.
1286 398 1350 473 375

150 578 283 640 possem
306 558 349 622 ad
373 560 478 623 otium
493 581 500 626 :
523 580 600 623 narn
616 561 659 624 ad
674 559 799 623 bellum
814 560 949 642 quidem
973 561 1030 642 qui
1053 560 1231 624 convenit?
1255 579 1350 640 prae·

120 662 262 726 asertim
278 672 392 726 contra
407 683 492 740 eum,
508 665 560 727 cui
577 684 673 746 spero
689 665 838 727 mesatis
854 662 978 739 fecisse,
993 664 1037 727 ab
1053 684 1102 741 eo,
1118 663 1169 728 cui
1186 664 1252 726 iam
1269 662 1350 726 satis

149 763 219 828 fieri
234 765 326 829 nullo
341 768 442 830 modo
463 775 583 850 potest.
629 768 760 831 Deinde
782 768 979 830 sententiam
1003 788 1110 830 meam
1135 779 1171 831 tu
1194 766 1350 830 facillime

149 870 335 952 perspicere
349 871 486 953 potuisti
511 872 576 934 iam
592 872 634 934 ab
651 870 708 934 illo
723 881 883 953 tempore,
899 891 974 935 curn
997 871 1030 934 in
1055 869 1243 935 Cumanum
1268 870 1348 933 mihi

149 973 282 1035 obviam
297 974 437 1037 venisti:
462 995 529 1037 non
548 976 635 1037 enirn
651 984 686 1037 te
700 974 802 1039 celavi
819 994 1005 1040 sermonem
1022 975 1061 1037 T.
1073 974 1191 1055 Ampii
1207 996 1214 1052 ;
1230 974 1349 1050 vidisti,
1364 1001 1378 1050 5

149 1096 250 1158 quam
269 1078 478 1141 abhorrerem
502 1078 545 1141 ab
568 1079 648 1142 urbe
670 1078 892 1161 relinquenda,
909 1098 983 1142 cum
1006 1078 1181 1142 audissem.
1227 1078 1350 1140 Nonne

148 1180 210 1243 tibi
226 1178 396 1244 adfirmavi
412 1182 542 1264 quidvis
559 1202 612 1245 me
628 1183 738 1264 potius
753 1202 985 1265 perpessurum
1001 1202 1102 1264 quam
1126 1202 1170 1244 ex
1192 1181 1290 1244 Italia
1305 1181 1347 1245 ad

148 1282 273 1346 bellum
295 1277 389 1348 civile
413 1285 605 1348 exiturum?
650 1284 741 1368 Quid
758 1305 836 1366 ergo
858 1286 986 1361 accidit,
1001 1306 1059 1347 cur
1081 1284 1252 1349 consilium
1277 1305 1349 1347 mu-

148 1395 253 1451 tarem
267 1393 281 1450 ?
295 1408 403 1452 nonne
417 1390 528 1453 omnia
541 1389 661 1470 potius,
674 1400 711 1453 ut
723 1390 755 1452 in
767 1390 928 1453 sententia
947 1394 1199 1472 permanerem?
1223 1386 1349 1452 Credas

147 1491 211 1555 hoc
224 1491 302 1554 mihi
314 1492 424 1567 velim,
441 1493 531 1575 quod
548 1503 630 1575 puto
646 1502 680 1556 te
696 1493 895 1570 existimare,
911 1512 965 1555 me
981 1514 1024 1556 ex
1040 1492 1090 1556 his
1107 1491 1245 1556 miseriis
1267 1492 1347 1555 nihil
1364 1520 1394 1557 ιο

147 1595 237 1658 aliud
262 1615 419 1677 quaerere
443 1597 503 1660 nisi
532 1608 570 1661 ut
594 1597 746 1661 homines
771 1597 948 1678 aliquando
975 1594 1167 1679 intellegant
1191 1616 1244 1659 me
1266 1596 1348 1659 nihil

148 1699 303 1763 maluisse
318 1720 418 1782 quam
435 1720 560 1782 pacem,
576 1721 615 1763 ea
631 1701 805 1784 desperata
820 1699 901 1763 nihil
917 1711 987 1763 tam
1003 1699 1124 1782 fugisse
1139 1718 1240 1781 quarn
1255 1720 1348 1763 arma

147 1803 274 1867 civilia:
298 1804 395 1868 huius
412 1825 465 1868 me
481 1805 685 1869 constantiae
707 1814 789 1888 puto
810 1804 880 1868 fore
903 1814 939 1867 ut
962 1824 1144 1886 numquam
1167 1805 1347 1887 paeniteat.

148 1907 284 1971 Etenim
312 1908 446 1971 memini
471 1907 503 1970 in
526 1908 589 1971 hoc
611 1929 730 1991 genere
750 1908 883 1991 gloriari
901 1907 1034 1971 solitum
1056 1928 1128 1971 esse
1152 1907 1345 1972 familiarem

148 2021 297 2074 nostrum
313 2009 356 2093 Q.
370 2011 597 2087 Hortensium,
613 2012 703 2094 quod
719 2033 901 2093 numquam
917 2011 1006 2076 bello
1021 2011 1108 2076 civili
1127 2010 1346 2076 interfuisset:
1362 2037 1392 2087 1⁵

147 2115 211 2179 hoc
226 2125 339 2177 nostra
354 2114 426 2178 laus
441 2116 501 2178 erit
519 2115 684 2189 illustrior,
700 2117 790 2197 quod
814 2115 860 2178 illi
883 2117 1089 2180 tribuebatur
1111 2116 1260 2199 ignaviae
1274 2140 1282 2193 ;
1304 2117 1347 2180 de

116 2218 246 2283 euobis
261 2219 294 2281 id
311 2217 494 2281 existimari
511 2239 609 2299 posse
624 2239 689 2282 non
705 2219 856 2282 arbitror.
882 2219 952 2282 Nec
970 2240 1023 2282 me
1039 2221 1102 2283 ista
1117 2228 1249 2298 terrent,
1260 2239 1348 2302 quae

149 2320 229 2383 mihi
244 2342 265 2384 a
280 2332 314 2384 te
328 2323 371 2385 ad
387 2323 541 2385 timorem
558 2322 715 2386 fidissime
730 2332 831 2406 atque
849 2323 1075 2387 amantissime
1098 2334 1348 2405 proponuntur3

146 2425 235 2489 nulla
251 2435 300 2489 est
321 2427 408 2489 enim
431 2427 602 2503 acerbitas,
617 2447 703 2508 quae
725 2447 790 2490 non
815 2427 967 2490 omnibus
990 2426 1051 2491 hac
1074 2427 1163 2491 orbis
1185 2437 1346 2491 terrarum

144 2532 391 2614 perturbatione
406 2533 595 2614 impendere
605 2533 764 2609 videatur,
780 2552 880 2613 quam
896 2531 1031 2614 quidem
1047 2553 1110 2615 ego
1125 2552 1146 2594 a
1162 2531 1346 2614 republica
1361 2552 1393 2587 πο

146 2636 228 2700 meis
250 2636 386 2719 privatis
416 2644 450 2698 et
476 2636 668 2699 domesticis
699 2636 919 2699 incommodis
950 2636 1163 2700 libentissime
1193 2637 1246 2699 vel
1275 2636 1346 2699 istis

179 2848 202 2884 1.
219 2837 301 2893 Nam,
315 2835 327 2883 1
340 2834 410 2884 think
422 2831 596 2885 bere=‘but.'
800 2848 824 2898 9.
842 2838 945 2884 Nonne
972 2837 1067 2884 omnia
1091 2837 1195 2895 portua,
1214 2850 1247 2885 se.
1267 2834 1347 2885 ‘acci-

178 2903 225 2949 An
236 2904 350 2959 bellum,
363 2916 396 2950 sc.
410 2898 558 2964 ‘navigare’
767 2899 870 2948 derunt)
903 2901 944 2949 On
969 2900 1010 2950 the
1034 2901 1086 2949 dat.
1109 2900 1158 2949 and
1180 2915 1262 2950 accus.
1284 2901 1345 2949 with

177 2969 318 3016 convenit
331 2970 365 3007 ι(
375 2966 436 3016 utile
447 2965 500 3016 est'
535 2965 640 3016 Forcell.
767 2965 876 3024 ‘credo,'
887 2981 925 3030 ep.
941 2966 987 3030 Ep.
1000 2968 1039 3027 38,
1053 2979 1076 3027 3,
1087 2976 1153 3015 note.

179 3046 200 3080 a.
219 3036 324 3082 contra
336 3047 410 3092 eum,
421 3048 454 3081 sc.
467 3033 606 3081 Caesarem.
803 3043 841 3078 10.
860 3035 908 3080 Me
920 3069 925 3080 .
939 3068 945 3080 .
957 3047 1098 3091 quaerere,
1113 3031 1183 3082 ‘that
1203 3031 1216 3080 1
1234 3031 1292 3082 seek
1312 3048 1346 3080 no

175 3100 221 3146 Ab
233 3113 274 3153 eo,
286 3101 334 3146 ‘on
346 3097 388 3146 the
399 3098 451 3147 side
463 3099 492 3146 of
499 3093 628 3162 Pompey,’
639 3094 721 3144 whom
768 3096 839 3145 other
849 3097 908 3161 gain
919 3097 982 3145 from
994 3097 1062 3147 these
1074 3095 1200 3147 miseries!

143 3163 232 3214 Cioero
248 3163 298 3212 had
313 3163 429 3226 mortally
441 3163 553 3213 offended
567 3165 598 3226 by
609 3162 648 3210 his
658 3161 721 3210 hesi·
804 3176 842 3225 ι4.
860 3166 897 3211 In
913 3167 968 3213 hoo
984 3178 1095 3222 uenere,
1107 3167 1155 3211 ‘on
1167 3163 1219 3212 this
1233 3160 1347 3227 ground,'

142 3231 230 3279 tatiou.
768 3232 863 3292 ‘genus
871 3227 1005 3293 aliquando
1014 3244 1059 3292 pro
1069 3245 1094 3277 re
1120 3227 1219 3277 onitnr.¹
1241 3228 1346 3278 Forcell.

176 3312 200 3357 4.
219 3298 290 3343 cnm
308 3332 315 3344 .
330 3330 336 3343 .
354 3296 468 3344 obviam
483 3296 596 3343 venisti.
630 3292 723 3341 Miiller
803 3307 841 3356 15.
858 3297 940 3343 Bello
960 3296 1049 3343 civili.
1083 3294 1106 3341 T
1141 3293 1195 3343 tof
1209 3294 1280 3344 Sulla
1297 3294 1346 3343 aud

142 3361 192 3410 and
206 3359 293 3409 Hofm.
306 3360 367 3409 both
379 3360 441 3408 refer
451 3359 519 3409 these
537 3359 619 3408 words
636 3366 663 3407 to
680 3359 721 3407 the
767 3358 809 3407 the
838 3370 891 3422 arry
903 3360 932 3407 of
941 3359 1042 3409 Marius.

141 3427 202 3475 time
214 3425 286 3475 when
299 3426 386 3475 Cicero
403 3425 516 3474 retnmed
527 3424 592 3473 from
609 3425 648 3474 his
665 3440 721 3488 pro·
803 3374 840 3473 ri.
860 3428 944 3480 Quod
956 3462 982 3474 ..
1000 3428 1138 3483 ignaviae,
1151 3427 1271 3475 ‘because
1286 3441 1345 3475 neu-

141 3492 213 3541 vinee
225 3500 251 3541 at
263 3491 304 3541 the
316 3492 383 3541 close
393 3491 422 3541 of
437 3502 537 3554 5013.c.
573 3490 622 3539 His
639 3505 721 3539 move
767 3489 938 3554 tralityinhis
953 3506 1009 3539 ease
1023 3507 1074 3540 was
1090 3491 1225 3540 attributed
1237 3500 1263 3540 to
1280 3506 1345 3540 cow-

142 3566 222 3606 ments
238 3566 264 3606 at
277 3559 332 3605 that
343 3558 403 3606 time
420 3573 462 3606 are
473 3555 607 3616 described,
620 3557 681 3606 Intr.
693 3563 721 3604 to
766 3554 865 3604 ardice}
882 3555 923 3603 On
931 3556 973 3604 the
980 3556 1072 3606 double
1079 3556 1140 3617 dat,
1148 3572 1186 3620 cp.
1195 3556 1280 3605 Madv.
1290 3569 1344 3619 249.

141 3622 200 3671 Part
213 3622 247 3680 11,
262 3627 292 3682 ξς
306 3636 345 3685 24,
356 3636 394 3684 ²5·
801 3622 839 3668 18.
850 3624 896 3669 Ad
903 3624 1034 3670 umorem
1043 3659 1049 3669 .
1058 3659 1064 3671 .
1072 3628 1277 3680 proponuntur,
1289 3624 1347 3670 ‘are

175 3702 198 3750 5.
217 3691 380 3737 Sermonem
404 3691 434 3735 ¹1¹.
453 3689 559 3748 Ampii,
582 3703 615 3737 sc.
639 3687 719 3736 Balbi.
766 3692 802 3734 set
825 3686 909 3735 before
931 3702 971 3735 me
993 3695 1020 3735 to
1042 3688 1121 3736 alarm
1143 3686 1346 3748 me,'·‘timoris

142 3753 185 3801 lle
202 3769 253 3802 was
273 3770 288 3801 a
304 3753 409 3803 decided
427 3754 536 3817 partisan
556 3753 585 3802 of
600 3753 720 3817 Pompey,
766 3750 856 3801 causa?
889 3752 937 3815 Cp.
950 3751 992 3800 Ad
1004 3752 1035 3815 Q.
1048 3754 1076 3802 F.
1093 3766 1113 3800 1.
1127 3766 1148 3811 1,
1163 3767 1190 3801 11
1205 3756 1346 3817 ‘potestate

141 3819 231 3868 andno
240 3819 319 3868 doubt
330 3820 369 3868 his
380 3818 461 3867 words
472 3834 536 3868 were
546 3818 647 3867 violent.
665 3818 720 3867 The
766 3833 840 3881 quam
855 3826 882 3866 tn
899 3818 1091 3881 addignitatem
1102 3815 1269 3882 permisisses)
1302 3817 1345 3866 Ci-

141 3884 288 3935 Caesarinns
309 3885 390 3934 called
412 3884 465 3933 him
485 3884 542 3934 ‘the
565 3891 674 3948 trumpet
694 3884 723 3932 of
766 3898 823 3931 cero
835 3883 856 3932 is
867 3884 925 3932 here
935 3883 1053 3949 referring
1064 3892 1091 3933 to
1104 3885 1169 3933 what
1183 3883 1281 3933 Caelius
1293 3881 1344 3931 had

142 3950 200 3997 civil
219 3950 284 4000 war!
318 3952 364 4012 Cp.
383 3951 424 3999 Ad
443 3950 514 3998 Fam.
531 3949 554 3998 6.
575 3965 611 4010 12,
631 3963 663 4011 3;
680 3966 720 3999 see
766 3948 828 3998 said.
863 3949 910 4012 Ep.
922 3947 963 4012 69,
977 3963 997 3997 r.

140 4015 194 4064 also
206 4016 252 4078 Ep.
266 4029 304 4078 50,
320 4029 342 4076 a,
354 4023 421 4064 note.
800 4027 838 4063 ao.
850 4018 943 4070 Quam
953 4050 959 4061 .
971 4019 1176 4064 ‚rademlrsem
1189 4011 1344 4062 ‘Redimere’

174 4080 198 4131 6.
225 4085 296 4130 (lum
329 4086 477 4140 audissem,
506 4080 595 4130 ‘when
630 4081 642 4129 1
669 4079 720 4128 harl
765 4079 836 4129 takes
845 4096 876 4128 an
885 4081 1024 4130 accusative
1035 4081 1177 4131 sometimes
1186 4079 1215 4128 of
1224 4079 1265 4128 the
1274 4077 1347 4142 thing

140 4145 229 4196 heard’
238 4147 291 4195 that
304 4148 383 4196 Rome
395 4147 443 4195 had
457 4148 517 4196 been
527 4145 673 4196 abandoned
687 4147 720 4208 by
766 4145 873 4206 averted,
881 4145 1026 4196 sometimes
1034 4145 1063 4195 of
1067 4146 1110 4195 the
1118 4160 1205 4209 person
1213 4143 1343 4192 delivered.

139 4213 252 4276 Pompey
268 4213 383 4278 (Stipfle),
397 4229 426 4261 or
440 4228 492 4261 was
508 4219 536 4261 to
553 4212 583 4261 be
599 4228 628 4261 so
645 4212 719 4260 aban·
767 4211 814 4275 Cp.
833 4211 863 4259 In
881 4211 951 4260 Verr.
972 4225 984 4258 a
1006 4215 1062 4262 Act.
1075 4226 1098 4274 5.
1114 4227 1157 4274 44,
1175 4221 1220 4273 1¹7
1233 4214 1344 4258 ‘metum

138 4278 354 4342 donedtMatth.).
645 4345 650 4355 Ι
711 4340 717 4360 ,
764 4275 1149 4351 virgarum..pretioredemit.s

139 4343 719 4473 ..trititrraltttt...litfrid
765 4338 1346 4458 alnltltllttdlattlitterile

140 4475 189 4540 Ep.
203 4489 244 4537 54,
257 4489 271 4536 3
283 4478 364 4540 ‘quae
380 4476 490 4525 conditio
507 4490 557 4523 non
574 4475 719 4539 accipienda
765 4474 805 4523 his
824 4474 867 4523 life
888 4475 938 4522 and
954 4473 996 4522 the
1013 4474 1092 4536 safety
1109 4472 1138 4521 of
1152 4472 1190 4521 his
1208 4470 1295 4535 family
1312 4472 1346 4536 by

140 4541 185 4590 fuit
197 4543 366 4606 potiusquam
377 4540 538 4606 relinquenda
549 4540 644 4605 patria'
761 4540 861 4603 joining
872 4540 991 4604 Pompey.
